2986 4700
353 445 390 506 la

421 638 456 712 G.
472 639 538 711 III.
575 638 696 712 Deleta
714 637 756 711 ad
773 637 919 712 insulam
934 637 1103 728 Pontium,
1124 637 1361 731 quamclaris-

351 767 441 845 simae
470 771 634 863 quondam
661 771 871 845 feminarum
898 773 961 845 sub
988 769 1174 846 Domitiana
1201 771 1362 866 principe,

349 927 406 998 pro
431 903 631 978 confessione
650 903 791 978 nominis
817 902 1009 995 christiani,
1037 903 1162 979 Flauia
1180 904 1364 980 Domitillae

348 1035 538 1112 nobilitavit
557 1036 745 1128 exsilium,
767 1037 925 1130 idensque
939 1038 1087 1128 cellulas,
1107 1036 1142 1112 iu
1161 1038 1281 1130 quibus
1299 1037 1363 1114 illa

347 1172 484 1265 lengum
503 1170 699 1265 martyrium
717 1171 876 1261 duxerat,
902 1169 1024 1244 sumtis
1042 1169 1119 1244 fidei
1137 1169 1218 1261 alis,
1241 1171 1361 1246 Hieru-

349 1305 509 1398 solymam
528 1306 563 1378 ct
579 1307 695 1380 sancta
714 1305 784 1378 luca
803 1303 911 1378 videre
931 1302 1097 1398 cupiebat.
1140 1304 1240 1379 'lardi
1265 1307 1363 1380 erant

348 1437 439 1512 venti
470 1441 506 1513 et
537 1438 642 1514 omnis
674 1439 770 1534 pigra
800 1437 966 1512 uelocitas.
1020 1440 1113 1512 Inter
1145 1435 1291 1533 Scyllam
1326 1443 1363 1514 et

349 1573 554 1666 Charybdem
586 1571 974 1646 1111111111111111
1006 1572 1141 1666 pelago,
1175 1571 1271 1664 quasi
1302 1594 1362 1666 per

348 1707 507 1800 stagnum
524 1703 616 1778 uenit
633 1705 838 1793 Malacam,
855 1703 968 1797 ibique
985 1705 1165 1780 refocillate
1183 1706 1360 1800 paululum

348 1837 551 1932 corpusculo,

419 1972 464 2045 Et
482 1973 552 2045 sale
571 1972 723 2044 tabentes
741 1973 834 2044 artus
852 1970 888 2043 in
906 1970 1018 2044 littore
1035 1993 1170 2064 ponens,

418 2126 476 2199 per
494 2105 636 2179 Maleam
653 2107 689 2178 et
708 2104 884 2197 cytheren
903 2125 1100 2198 sparsasque
1118 2126 1176 2198 per
1196 2126 1306 2198 squar

419 2238 587 2332 cycladas,
608 2238 644 2312 et
662 2237 783 2312 crebris
801 2236 887 2312 fretu
906 2237 1033 2312 concita
1050 2237 1160 2328 terris,

346 2373 422 2466 pust
438 2371 593 2446 Rhodum
615 2374 649 2446 et
669 2371 822 2466 Lyciam,
850 2371 984 2446 111111
1002 2369 1085 2445 uidit
1106 2373 1275 2466 Cyanam,
1299 2371 1359 2446 ubi

347 2491 453 2578 sancti
466 2508 500 2579 et
510 2504 709 2579 uenerabilis
720 2503 900 2597 Epiphanii
913 2503 1051 2598 pedibus
1062 2505 1235 2598 provoluta
1248 2505 1358 2580 decem

346 2641 388 2714 ab
407 2659 443 2712 ec
468 2638 583 2712 diebus
609 2640 739 2711 1111111
750 2704 754 2708 .,
765 2640 817 2711 111
834 2658 899 2710 nan
921 2635 956 2710 in
982 2637 1208 2728 relationem,
1236 2639 1275 2712 ut
1298 2637 1358 2712 ille
1482 2655 1483 2734 1

346 2771 581 2862 arbitrabatur,
600 2771 711 2845 sedin
729 2793 810 2864 opus
828 2769 901 2860 Dei,
921 2771 960 2844 ut
978 2791 1013 2844 re
1032 2771 1274 2868 comprabatum
1292 2773 1354 2846 est.

218 2989 220 2997 ,
345 2905 432 2978 Nam
450 2904 559 2978 omnia
577 2903 671 2978 illius
689 2903 831 3000 regionis
849 2905 999 2979 lustrans
1018 2903 1235 2995 monasteria,
1260 2907 1357 2999 prout
1482 2977 1483 2984 ,

344 3037 471 3132 potuit,
496 3037 667 3134 refrigeria
685 3040 855 3112 sumtuum
874 3037 1034 3112 iratribus
1053 3037 1246 3131 dereliquit,
1275 3059 1355 3132 quos
1482 3061 1483 3070 ¹

344 3169 1202 3276 1111111111111111111111111111111111111.
1364 3189 1367 3196 ·

414 3304 449 3379 G.
464 3307 525 3380 IV.
562 3305 645 3379 Inde
670 3305 761 3378 brevi
785 3325 882 3378 cursu
903 3301 1132 3378 transfretavit
1155 3304 1354 3396 Seleuciam,
1447 3323 1449 3332 ¹

343 3437 382 3511 de
402 3459 468 3530 qua
487 3439 666 3514 ascendens
683 3437 904 3512 Antiochiam
925 3438 1032 3512 sancti
1055 3437 1247 3512 confessoris
1266 3440 1353 3513 Pau·

342 3569 405 3645 lini
428 3571 589 3646 mcdicmn
614 3571 753 3646 caritate
776 3572 928 3663 detenta,
957 3571 1064 3646 media
1092 3570 1201 3646 hicme
1225 3574 1354 3649 1111111

210 3763 212 3768 ,
342 3704 453 3779 ardore
478 3704 574 3796 fidei,
600 3705 723 3779 femina
749 3704 889 3795 nabilis,
918 3726 990 3798 qua
1015 3703 1107 3798 prius
1132 3707 1354 3782 eunuchorum
