2986 4700
1136 476 1176 538 39

166 665 249 759 ipsis
270 665 522 761 imperatoribus
545 667 580 754 in
606 667 715 762 eapite
741 671 884 762 ponebat
909 668 1037 764 etipse
1063 689 1119 766 eae
1136 669 1177 742 de

166 819 276 872 eorum
301 800 410 893 eapite
435 801 617 894 deponebat
641 805 675 874 et
698 801 769 894 ipse
787 821 840 874 eoa
860 801 1059 896 eastigabat.
1099 804 1176 896 Ipse

166 952 243 1006 uero
268 932 464 1026 prepositus
492 933 648 1008 Urbioius
678 933 787 1028 ipsum
818 934 962 1028 lapidem
993 933 1111 1010 incidit
1142 937 1177 1009 et

166 1065 246 1139 feeit
264 1087 339 1138 oum
354 1067 514 1159 quadrum
532 1066 567 1140 in
582 1068 712 1142 modum
723 1065 854 1160 altario,
875 1069 986 1142 rolens
1003 1091 1079 1142 eum
1093 1067 1176 1144 don·

166 1199 416 1294 stantinopolim
435 1199 595 1294 dirigere,
618 1203 652 1273 et
669 1201 747 1274 dum
766 1201 808 1274 od
827 1204 957 1295 portam
975 1201 1080 1276 saneti
1099 1199 1176 1278 aa·

165 1334 268 1428 phuni
288 1333 433 1425 ueniret,
456 1336 527 1425 Jam
553 1333 695 1428 amplius
721 1357 796 1408 eum
813 1353 942 1408 mouere
966 1358 1031 1409 non
1054 1336 1175 1428 potuit,

166 1488 264 1560 quem
282 1465 426 1559 lapidem
445 1489 548 1540 unum
563 1470 684 1561 jugum
702 1469 822 1542 bouum
839 1467 989 1543 duoebat.
1034 1469 1079 1542 Et
1097 1468 1176 1542 dum

165 1599 334 1692 viderent,
369 1600 454 1694 quod
481 1602 674 1674 nullatenus
701 1603 883 1694 potuerunt
911 1623 987 1676 eum
1012 1601 1049 1675 in
1076 1603 1177 1675 antea

165 1755 313 1824 mouere,
343 1738 513 1808 reuooatus
538 1738 591 1808 est
616 1733 658 1808 ad
684 1735 870 1827 sepulerum
893 1734 1043 1826 Domini,
1070 1736 1105 1810 et
1129 1733 1177 1808 ibi

165 1869 274 1941 altare
302 1868 343 1941 de
370 1867 445 1961 ipsa
471 1869 567 1960 petra
593 1867 719 1941 laetum
746 1871 815 1959 est,
844 1868 945 1942 etde
972 1867 1043 1964 ipso
1070 1867 1177 1943 altare

165 1999 434 2074 eommunioatur.
483 2001 606 2074 Tamen
633 2004 707 2093 poet
736 2001 923 2093 sepulerum
949 2001 1081 2075 Domini
1111 2004 1173 2076 oet.

165 2131 243 2224 Ipae
262 2151 336 2204 uero
355 2131 509 2206 Urbiolus
533 2133 728 2228 prepositus
753 2136 815 2207 sub
834 2133 1011 2208 Anastasio
1032 2133 1174 2226 impera·

166 2266 236 2337 tore
268 2263 548 2359 Constantinopoli
584 2265 741 2356 moritur,
780 2271 814 2340 et
847 2265 1048 2359 sepelierunt
1083 2287 1174 2352 eum:

166 2419 264 2490 quem
284 2395 454 2470 Urbioium
475 2400 563 2472 terra
581 2419 645 2471 non
663 2399 809 2492 aooepit‚
835 2399 892 2472 sed
913 2399 1011 2474 tertio
1030 2399 1175 2474 diaeum
1257 2475 1263 2486 ,

165 2531 351 2623 sepulerum
370 2529 449 2603 loris
464 2531 618 2624 jaetauit.

238 2665 299 2736 21.
338 2665 387 2737 De
407 2663 617 2740 Hierusalem
635 2687 740 2758 usque
758 2665 816 2740 ubi
841 2665 1026 2761 baptizarit
1043 2665 1174 2760 Philip·

164 2819 228 2891 pua
251 2799 437 2871 eunuohum
462 2799 570 2872 millia
589 2801 683 2873 XVI.
723 2799 805 2874 Inde
830 2823 936 2894 usquo
958 2800 1000 2874 ad
1019 2787 1174 2876 Terebin-

165 2931 279 3020 thum,
305 2951 377 3022 quae
403 2933 591 3025 appellatur
612 2933 682 3005 ilex
708 2933 882 3025 Mambrae,
908 2933 1016 3007 millia
1038 2936 1086 3008 ΙΙ.
1113 2911 1175 3008 ιΒΘ

165 3062 364 3137 Terebintho
380 3086 484 3156 usque
502 3065 543 3138 ad
558 3067 746 3158 speluncam
761 3065 935 3158 duplicem,
956 3067 1012 3140 ubi
1026 3065 1174 3158 requies-

9 3187 11 3194 ’
165 3200 246 3269 eunt
271 3196 484 3289 patriarcha,
518 3197 625 3272 millia
652 3199 735 3272 IIII.
783 3200 833 3272 De
863 3199 1019 3292 spelunea
1045 3199 1175 3293 duplioo

165 3351 268 3422 usqne
296 3330 333 3402 in·
359 3331 508 3404 Ghebron
535 3331 643 3404 millia
670 3333 723 3422 II,
758 3331 815 3405 ubi
847 3331 1013 3406 habitauit
1040 3336 1175 3408 sanetus

164 3462 271 3537 Dauid
290 3466 414 3556 septem
432 3463 539 3556 annia,
560 3466 691 3558 quando
710 3464 863 3560 fugiebat
881 3469 958 3540 unte
973 3464 1065 3542 Saul.

237 3597 299 3670 22.
346 3597 396 3670 De
423 3600 518 3691 porta
544 3597 636 3671 urbia
662 3619 767 3690 usque
793 3599 849 3672 ubi
876 3597 1041 3696 pugnauit
1067 3598 1173 3673 Dauid

164 3749 237 3802 oum
256 3729 353 3804 (lolia
379 3729 413 3803 in
442 3721 550 3803 monte
569 3731 722 3822 Bouana,
751 3732 836 3825 quod
859 3732 1097 3826 interpretatur
1119 3731 1172 3804 lu·
