2986 4700
1135 471 1174 533 al

167 663 360 758 sepulcrum
367 663 516 736 maort:
535 661 647 735 Mariae
657 663 835 745 etlllertha
845 661 929 736 vidit
938 661 1130 756 hospitium,
1141 664 1177 738 et

167 797 368 891 Betbpbuye,
384 796 501 869 uillam
514 794 766 869 sacerdotalium
780 793 990 869 maxillarum
1008 797 1043 869 et
1056 797 1175 888 lecum,

167 930 204 1004 in
229 952 293 1024 que
316 931 430 1024 pullus
453 927 629 1002 lasciviens
652 928 804 1024 gentium
825 928 888 1003 Dei
913 927 1007 1004 frena
1032 928 1177 1023 suscepit

138 1081 140 1088 “
168 1063 453 1158 upestelommqne
471 1064 598 1138 stratus
615 1063 763 1138 uestibus
787 1062 901 1148 mollia
912 1065 1018 1158 terga
1036 1062 1178 1157 praebuit

148 1192 211 1272 'ad
228 1197 417 1271 sedendum.
810 1305 813 1314 .

241 1331 275 1404 G.
297 1331 392 1404 XIV.
439 1331 608 1423 Rectaque
632 1329 751 1404 itinere
773 1330 991 1404 descendebat
1008 1328 1177 1421 Hiericho,
1229 1393 1231 1400 ,

167 1463 354 1560 recogitans
379 1463 476 1546 illum
500 1463 540 1539 de
558 1463 740 1558 Evangelio
759 1464 967 1537 uulneratum
985 1485 1042 1552 ac,
1069 1483 1177 1536 sacer·

168 1597 302 1672 delibus
319 1598 354 1672 et
370 1596 482 1672 levitis
499 1597 621 1671 mentis
640 1597 774 1672 feritate
792 1595 1086 1690 pretereuntibus,
1111 1597 1177 1670 cle·
1333 1589 1335 1596 ’

168 1731 328 1806 mentium
347 1730 533 1821 samarita,
544 1731 578 1804 id
597 1733 649 1804 est
666 1730 820 1822 custodis,
841 1730 898 1824 qui
913 1729 1106 1806 seminecem
1120 1750 1179 1803 sue
1260 1721 1262 1725 ’

165 1866 315 1959 jumento
338 1863 528 1958 impositum
554 1864 596 1938 ad
622 1865 789 1938 stabulum
813 1863 957 1938 ecclesia
974 1861 1176 1958 deportavit:

169 1999 205 2072 et
217 1999 324 2070 lecum
334 1997 505 2088 Ademim,
521 1997 606 2091 qued
620 1997 860 2092 interpretatur
873 1967 1085 2092 sanguinum,
1100 1995 1179 2089 quia

169 2131 297 2202 multus
313 2129 349 2202 in
367 2151 403 2204 ee
421 2130 560 2226 sanguis
578 2130 700 2204 crebris
725 2131 891 2204 latronum
909 2129 1108 2203 fundebatur
1125 2128 1178 2201 in·

170 2261 334 2336 cursibus:
362 2266 396 2336 et
414 2265 561 2336 arborem
580 2283 781 2358 sycememm
799 2262 953 2352 Zachaei,
973 2262 1007 2335 id
1025 2264 1076 2336 est
1093 2263 1179 2335 bena

170 2395 377 2490 penitencie
396 2416 506 2490 opere,
525 2395 645 2489 quibus
663 2398 798 2470 cruenta
815 2396 938 2469 dudum
956 2397 990 2470 et
1008 2395 1106 2470 nuxia
1122 2417 1178 2468 ra·

168 2528 258 2622 pinis
281 2531 415 2622 peccata
439 2531 590 2604 calcabat
614 2531 842 2622 excelsumque
860 2529 1035 2604 Dominum
1060 2529 1100 2604 de
1118 2549 1177 2602 ex·
1239 2559 1242 2563 ·

170 2662 426 2737 celsevirtutum
440 2664 649 2737 intuebatur:
670 2666 704 2739 et
714 2665 813 2756 juxta
822 2663 909 2738 viam
923 2683 1082 2738 caeccrum
1094 2663 1177 2752 loca,

170 2795 244 2890 qni,
263 2795 405 2890 receptis
422 2797 621 2890 luminibus,
644 2797 817 2891 utriusque
834 2797 946 2891 pepuli
964 2795 1179 2872 credentisin

169 2928 344 3003 Dominum
359 2933 564 3014 sacramenta
577 2930 817 3024 praemiserant.
845 2932 999 3024 Ingressa
1012 2931 1179 3004 Hiericho

169 3061 253 3136 uidit
279 3065 413 3151 urbem,
441 3085 539 3156 quam
558 3062 807 3138 fundavitHiel
825 3063 860 3136 in
878 3063 1032 3153 Abiram,
1057 3061 1178 3155 prime·

133 3169 139 3176 ’
170 3195 282 3291 genite
300 3218 369 3286 suo,
390 3199 425 3291 et
442 3198 535 3288 cujus
553 3200 663 3290 pertas
680 3185 796 3290 posuit
809 3196 844 3268 in
863 3194 985 3289 Segub,
1005 3193 1179 3269 novissime

170 3328 323 3404 filiemm.
353 3329 483 3403 Intuita
501 3332 553 3404 est
566 3332 673 3404 castra
690 3308 852 3423 &abactae
870 3332 905 3403 et
922 3339 1072 3402 aceruum
1090 3348 1178 3422 prae·

169 3463 334 3558 putierum
349 3465 383 3538 et
398 3463 548 3537 secunda
563 3461 815 3536 cbeumcisienis
827 3460 1031 3557 mysterium,
1051 3463 1086 3536 et
1099 3462 1179 3536 due·

170 3597 274 3670 decim
299 3596 444 3691 lapides,
473 3596 550 3692 qui,
577 3596 617 3671 de
636 3595 788 3671 bardanis
805 3595 887 3670 illuc
904 3593 1060 3668 translati
1074 3595 1178 3685 alvea,

170 3729 338 3806 duedecim
371 3731 588 3824 apostolerum
626 3729 840 3804 fundamenta
877 3729 1105 3816 firmauerunt,
1145 3729 1181 3801 et
