2986 4700
330 399 370 459 30

328 591 364 664 et
381 591 463 668 XX.
483 588 594 682 lapide
612 591 654 662 ab
668 587 766 662 Aelia
783 590 974 682 separatur:
995 587 1064 681 qui,
1084 587 1227 682 primum
1246 611 1347 662 mare
1473 560 1477 633 ἕ

331 723 527 798 Tiberiadis
553 721 703 798 inseoans
730 724 831 815 atque
857 744 899 796 ex
927 721 988 794 hoo
1014 743 1208 816 emergens,
1235 722 1345 816 largis

328 855 447 930 deinde
464 877 502 930 aa
520 856 659 950 placidis
678 854 858 930 fluentibus
878 853 974 948 aquis
993 853 1029 927 in
1047 877 1141 928 aare
1159 855 1344 930 Mariam
1478 842 1480 879 ¹

331 989 500 1064 tonditur:
524 989 610 1082 quod
627 986 1098 1083 mareHierosolymariginti
1116 987 1343 1062 oiroitermil·
1479 1029 1481 1114 ᾗ

328 1122 417 1196 libus
434 1122 580 1217 respieit.
615 1121 768 1197 iordanis
786 1121 858 1196 ideo
876 1121 984 1195 dietus
1002 1122 1065 1211 est,
1086 1121 1172 1214 quod
1190 1122 1253 1194 dno
1267 1121 1342 1196 fon·
1479 1119 1480 1137 ¹

329 1255 434 1331 tasin
453 1279 556 1330 unum
575 1257 751 1347 aonfiuant,
772 1277 910 1349 quorum
927 1255 1014 1330 alter
1028 1253 1150 1329 dieitur
1162 1257 1237 1346 Jor,
1255 1255 1344 1330 alter
1478 1351 1479 1354 Ἴ

328 1389 630 1484 Daaappellatur.
1479 1368 1480 1396 Ν

403 1525 564 1612 filatim
582 1521 700 1597 atritas
720 1523 883 1615 quondam
900 1521 1089 1616 gigantum,
1109 1520 1219 1614 lapide
1238 1521 1345 1596 ferme
1479 1543 1481 1571 ¹

328 1658 448 1731 XXII.
469 1658 512 1729 ab
531 1656 743 1730 Hierusalem
766 1654 809 1728 ad
830 1653 1201 1763 mentionem-plagam
1224 1655 1342 1731 distet.

329 1791 420 1863 Mare
438 1789 597 1882 Magnum
616 1809 780 1880 nusquam
798 1787 939 1861 vicinius
958 1811 1057 1881 quam
1078 1789 1177 1881 juxta
1194 1791 1345 1882 Joppera

330 1921 496 2015 oppidum,
519 1921 605 2014 quod
619 1923 684 1994 XL
698 1923 741 1994 ab
759 1943 798 1996 ea
816 1920 851 1994 in
865 1941 1013 1996 oceasum
1026 1921 1178 1995 aestiuum
1191 1921 1344 1997 millibus

329 2056 435 2130 abest.

283 2235 285 2239 ,
400 2165 586 2284 longitudo
613 2191 710 2262 terra
737 2211 757 2262 a
782 2189 858 2262 Dan
885 2208 990 2280 usque
1014 2189 1179 2262 Bersabee
1205 2189 1343 2280 proten-

258 2365 259 2368 *
329 2321 438 2411 ditur,
473 2324 515 2396 ab
548 2320 734 2415 aquilonari
766 2321 868 2416 plaga
900 2321 943 2394 ad
973 2319 1144 2394 meridiem
1170 2321 1340 2414 producta.

329 2455 413 2528 Dua
430 2476 559 2548 quoque
575 2454 667 2529 uisus
685 2454 826 2549 exignus
845 2456 896 2528 est
914 2454 949 2527 in
968 2453 1342 2544 insensatissime,

330 2611 403 2681 qua
428 2587 720 2682 septentrionalem
744 2588 878 2681 plagam
904 2589 1097 2677 contuetur,
1122 2587 1158 2661 in
1181 2590 1340 2680 quartoa

329 2721 483 2795 Paneade
496 2719 652 2794 milliario
666 2721 789 2813 Tyrum
802 2719 1017 2814 pergentibus
1033 2775 1064 2794 ..
1083 2721 1244 2796 (laterum
1257 2721 1342 2794 Ber·

329 2855 433 2946 sotei,
452 2855 491 2927 ut
510 2852 784 2946 supradiximus,
804 2855 845 2928 al
864 2855 1015 2926 austrum
1028 2875 1168 2950 vergens
1182 2853 1274 2929 visus
1289 2857 1343 2930 est

328 2985 497 3061 maximus
514 2987 586 3060 XX
604 3009 625 3061 a
644 2987 793 3062 Ghebron
813 2987 971 3062 millibus.
1124 3054 1126 3058 ,
