3020 4710
1150 407 1190 520 91,

179 644 295 729 erfolg,
322 645 476 730 dringend
499 645 561 725 ein,
586 645 656 710 dass
680 645 725 710 sie
748 641 814 712 sich
837 665 875 710 zu
894 645 987 711 ihnen
1007 645 1123 729 gesello
1139 644 1197 729 (ut
1232 657 1234 664 ’

178 761 364 828 Marcellam
379 761 517 828 nostram
533 761 623 826 nobis
639 761 777 847 reddas),
801 760 865 826 und
888 761 997 826 fabren
1017 762 1098 826 daun
1112 762 1188 828 fort:

180 876 344 960 Oquando
359 873 438 941 illud
452 878 576 960 tempus
596 852 754 958 adveniet,
778 895 872 960 quum
895 877 1023 942 anhelus
1044 877 1191 942 nuntium

177 992 280 1058 viator
296 991 455 1075 apportet,
482 991 663 1058 Marcellam
678 993 817 1058 nostram
840 991 879 1058 ad
896 991 1072 1058 Palaestina
1098 992 1190 1058 littus

179 1106 346 1191 appulsam,
358 1108 390 1174 ot
402 1105 463 1174 toti
474 1107 692 1174 monachorum
703 1105 799 1189 chori,
812 1107 881 1173 tota
892 1106 1051 1191 virginum
1063 1106 1200 1192 agmina·¹

181 1223 425 1306 concrepabunt?
441 1221 575 1290 Obviam
587 1222 718 1306 jamjam
729 1221 881 1307 gestimus
896 1241 1053 1292 occurrere
1070 1223 1111 1305 et,
1127 1241 1190 1288 nou

181 1338 355 1422 exspectato
368 1337 519 1417 vehiculo,
536 1337 694 1404 concitum
705 1337 836 1422 pedibus
848 1338 926 1404 farre
942 1331 1061 1421 corpus.
1090 1338 1190 1404 uene-

179 1453 282 1519 bimus
298 1473 422 1535 manus,
440 1471 493 1518 cra
510 1472 668 1520 cernemus
683 1455 715 1519 et
730 1473 749 1518 a
764 1453 936 1522 desiderato
953 1453 1004 1520 vix
1018 1453 1191 1519 avellemur

179 1569 334 1652 amplexu.
373 1570 495 1653 Ergone
510 1569 571 1634 erit
586 1569 641 1634 illa
657 1569 736 1650 dies,
761 1569 882 1652 quando
898 1556 990 1634 nobis
1004 1568 1098 1634 liceat
1121 1587 1191 1651 spe·

179 1685 306 1750 leucam
321 1683 487 1772 salvatoris
508 1685 647 1750 intrare?
674 1683 708 1748 in
723 1684 862 1767 sepulcro
878 1684 1006 1750 Domini
1029 1683 1103 1750 flere
1119 1701 1190 1748 cum
1259 1751 1261 1756 ,

180 1818 293 1881 sorore,
310 1800 383 1866 fiere
399 1817 470 1866 cum
484 1800 608 1865 matre?
624 1800 723 1867 crucis
736 1800 845 1866 deinde
858 1799 996 1867 lambere
1012 1799 1134 1884 lignum
1149 1801 1190 1878 et,

76 1945 78 1948 ·
178 1915 211 1982 in
227 1914 345 1982 Oliveti
359 1916 481 1994 monte,
496 1934 576 1981 cum
599 1917 783 1982 ascendente
798 1916 929 1982 Domino
946 1917 1018 1982 voto
1035 1916 1067 1981 et
1087 1915 1191 1981 animo

180 2031 355 2098 sublevari?
386 2031 487 2098 videre
514 2030 595 2096 exire
622 2031 775 2099 Lazarum
800 2031 906 2097 fasciis
933 2031 1132 2116 colligatum,
1160 2032 1192 2096 et

178 2145 297 2214 fluenta
320 2147 467 2214 Jordanis
491 2147 529 2211 ad
552 2147 714 2212 lavacrum
736 2137 863 2213 Domini
885 2145 1030 2228 puriora?
1056 2145 1127 2210 inde
1151 2145 1191 2210 ad

178 2263 338 2347 pastorum
353 2262 459 2328 caulas
474 2279 611 2346 pergere,
627 2260 660 2325 in
675 2261 780 2356 Dauid
795 2280 883 2326 orare
897 2261 1076 2326 mausoleo?
1092 2261 1191 2326 Amos
1241 2255 1242 2260 ’
1274 2305 1277 2309 -

12 2437 13 2444 ,
109 2411 112 2416 -
178 2378 361 2460 prophetam
376 2375 473 2442 etiam
488 2396 570 2442 nunc
584 2375 715 2442 buccina
728 2376 879 2459 pastorali
893 2376 927 2441 in
946 2395 1003 2442 sua
1018 2375 1192 2459 conspicere

180 2499 255 2578 rupe
275 2493 492 2578 clangentem?
508 2493 547 2558 ad
558 2492 729 2571 Abraham,
745 2493 833 2558 Isaac
844 2493 877 2558 ot
888 2492 995 2574 Jacob,
1007 2491 1104 2558 trium
1116 2509 1192 2575 quo·

181 2629 239 2692 que
261 2609 433 2674 illustrium
455 2597 642 2676 feminarum
666 2608 717 2675 vel
738 2608 940 2674 tabernacula
960 2625 1124 2692 properare
1144 2606 1193 2672 vel

180 2725 368 2792 memorias?
391 2725 495 2790 videre
509 2724 637 2803 fontem,
654 2724 687 2788 in
703 2743 762 2807 quo
779 2743 797 2789 a
812 2724 956 2807 Philippo
972 2723 1129 2789 eunuchus
1144 2723 1192 2788 ost

179 2840 319 2906 tinctus?
345 2839 518 2906 Samariam
532 2859 669 2925 pergere,
687 2840 720 2904 ot
734 2817 863 2908 loannis
879 2840 1046 2922 Baptistae3
1063 2837 1192 2904 Helisaci

181 2975 299 3040 quoque
311 2957 343 3022 et
350 2955 460 3021 Abdiae
471 2955 587 3039 pariter
595 2955 714 3020 cineres
726 2955 872 3021 adorare?
884 2954 1010 3039 ingredi
1021 2954 1190 3037 speluncas,

180 3071 214 3136 in
241 3071 352 3154 quibus
378 3070 598 3154 persecutionis
625 3072 657 3136 et
682 3071 775 3136 famis
800 3072 940 3153 tempore
970 3070 1192 3153 prophetarum

181 3186 307 3272 agmina
324 3189 396 3252 sunt
410 3187 552 3252 nutrita?
571 3187 690 3266 Ibimus
705 3186 744 3252 ad
759 3185 917 3251 Nazareth
933 3187 975 3266 et,
989 3185 1079 3272 Juxta
1093 3183 1191 3250 inter-

180 3303 388 3384 pretationem
417 3302 566 3372 nominis·
582 3303 664 3388 ejus,
700 3301 807 3370 florem
837 3300 1010 3367 videbimus
1041 3297 1190 3366 Galilaeae.

181 3417 274 3483 Haud
295 3407 402 3500 procul
424 3417 495 3484 inde
519 3420 664 3484 cernetur
680 3417 777 3499 Cana,
800 3417 834 3482 in
857 3435 1020 3500 quaequae
1035 3416 1068 3482 in
1084 3415 1192 3481 unum

182 3550 280 3598 versae
295 3535 378 3598 sunt.
402 3533 570 3616 Pergamus
585 3532 810 3616 adltabyrium
825 3533 857 3598 et
871 3531 1072 3598 tabernacula
1087 3531 1192 3597 salva·

181 3648 269 3726 toris,
286 3667 358 3728 non,
375 3649 411 3713 ut
426 3649 539 3714 Petrus
556 3649 710 3731 quondam
726 3649 835 3728 voluit,
853 3668 923 3714 oum
938 3647 1047 3731 Moyse
1064 3648 1095 3712 et
1110 3645 1191 3724 ulia,

183 3763 237 3828 sed
252 3781 323 3828 cum
337 3765 426 3848 patro
441 3783 600 3830 cernemus
615 3765 647 3830 et
663 3763 775 3848 spiritu
792 3765 909 3830 sancto.
947 3762 1023 3828 Inde
1046 3762 1085 3828 ad
1107 3777 1192 3826 mare
