<?xml version="1.0" encoding="UTF-8"?>
<!DOCTYPE html PUBLIC "-//W3C//DTD XHTML 1.0 Transitional//EN"
    "http://www.w3.org/TR/xhtml1/DTD/xhtml1-transitional.dtd">
<html xmlns="http://www.w3.org/1999/xhtml" xml:lang="en" lang="en">
 <head>
  <title>
</title>
<meta http-equiv="Content-Type" content="text/html;charset=utf-8" />
  <meta name='ocr-system' content='tesseract 3.04.00' />
  <meta name='ocr-capabilities' content='ocr_page ocr_carea ocr_par ocr_line ocrx_word'/>
</head>
<body>
  <div class='ocr_page' id='page_1' title='image "./palaestinaedesc00toblgoog_0015.png"; bbox 0 0 2986 4700; ppageno 0'>
   <div class='ocr_carea' id='block_1_1' title="bbox 330 775 1297 953">
    <p class='ocr_par' dir='ltr' id='par_1_1' title="bbox 330 775 1297 953">
     <span class='ocr_line' id='line_1_1' title="bbox 330 775 1297 848; baseline -0.004 -10"><span class='ocrx_word' id='word_1_1' title='bbox 330 781 425 838; x_wconf 90' lang='lat' dir='ltr'><strong>VIII.</strong></span> <span class='ocrx_word' id='word_1_2' title='bbox 456 779 567 836; x_wconf 81' lang='lat' dir='ltr'><strong>vellis</strong></span> <span class='ocrx_word' id='word_1_3' title='bbox 594 778 777 848; x_wconf 72' lang='lat' dir='ltr'><strong>iosaphat,</strong></span> <span class='ocrx_word' id='word_1_4' title='bbox 807 779 908 846; x_wconf 81' lang='lat' dir='ltr'><strong>petre</strong></span> <span class='ocrx_word' id='word_1_5' title='bbox 937 775 1150 844; x_wconf 74' lang='lat' dir='ltr'><strong>traditionis,</strong></span> <span class='ocrx_word' id='word_1_6' title='bbox 1181 778 1297 845; x_wconf 78' lang='lat' dir='ltr'><strong>palme</strong></span> 
     </span>
     <span class='ocr_line' id='line_1_2' title="bbox 457 883 1179 953; baseline -0.001 -11"><span class='ocrx_word' id='word_1_7' title='bbox 457 885 596 953; x_wconf 78' lang='lat' dir='ltr'><strong>christi,</strong></span> <span class='ocrx_word' id='word_1_8' title='bbox 611 887 833 942; x_wconf 87' lang='lat' dir='ltr'><strong>monuments</strong></span> <span class='ocrx_word' id='word_1_9' title='bbox 847 885 947 942; x_wconf 84' lang='lat' dir='ltr'><strong>Iseiee</strong></span> <span class='ocrx_word' id='word_1_10' title='bbox 964 886 999 941; x_wconf 88' lang='lat' dir='ltr'><strong>et</strong></span> <span class='ocrx_word' id='word_1_11' title='bbox 1013 883 1179 942; x_wconf 78' lang='lat' dir='ltr'><strong>Ezechioe.</strong></span> 
     </span>
    </p>
   </div>
   <div class='ocr_carea' id='block_1_2' title="bbox 229 1040 1300 1942">
    <p class='ocr_par' dir='ltr' id='par_1_2' title="bbox 229 1040 1300 1942">
     <span class='ocr_line' id='line_1_3' title="bbox 356 1040 1298 1134; baseline -0.004 -17"><span class='ocrx_word' id='word_1_12' title='bbox 356 1045 443 1118; x_wconf 88' lang='lat' dir='ltr'><strong>Item</strong></span> <span class='ocrx_word' id='word_1_13' title='bbox 470 1045 511 1117; x_wconf 85' lang='lat' dir='ltr'><strong>eb</strong></span> <span class='ocrx_word' id='word_1_14' title='bbox 535 1041 746 1117; x_wconf 80' lang='lat' dir='ltr'><strong>Hierusalem</strong></span> <span class='ocrx_word' id='word_1_15' title='bbox 774 1041 867 1116; x_wconf 84' lang='lat' dir='ltr'><strong>eumti</strong></span> <span class='ocrx_word' id='word_1_16' title='bbox 894 1041 1110 1134; x_wconf 80' lang='lat' dir='ltr'><strong>sipontum,</strong></span> <span class='ocrx_word' id='word_1_17' title='bbox 1144 1061 1216 1134; x_wconf 81' lang='lat' dir='ltr'><strong>qus</strong></span> <span class='ocrx_word' id='word_1_18' title='bbox 1245 1040 1298 1114; x_wconf 99' lang='grc' dir='ltr'><strong>θεῖ</strong></span> 
     </span>
     <span class='ocr_line' id='line_1_4' title="bbox 286 1172 1296 1267; baseline -0.006 -15"><span class='ocrx_word' id='word_1_19' title='bbox 286 1180 400 1252; x_wconf 83' lang='lat' dir='ltr'><strong>uentre</strong></span> <span class='ocrx_word' id='word_1_20' title='bbox 426 1175 602 1267; x_wconf 75' lang='lat' dir='ltr'><strong>orientem,</strong></span> <span class='ocrx_word' id='word_1_21' title='bbox 639 1178 678 1248; x_wconf 83' lang='lat' dir='ltr'><strong>ut</strong></span> <span class='ocrx_word' id='word_1_22' title='bbox 705 1175 904 1249; x_wconf 86' lang='lat' dir='ltr'><strong>usoendetur</strong></span> <span class='ocrx_word' id='word_1_23' title='bbox 930 1174 966 1247; x_wconf 93' lang='lat' dir='ltr'><strong>in</strong></span> <span class='ocrx_word' id='word_1_24' title='bbox 991 1176 1135 1248; x_wconf 90' lang='lat' dir='ltr'><strong>montom</strong></span> <span class='ocrx_word' id='word_1_25' title='bbox 1161 1172 1296 1264; x_wconf 82' lang='lat' dir='ltr'><strong>Oliveti,</strong></span> 
     </span>
     <span class='ocr_line' id='line_1_5' title="bbox 286 1307 1297 1402; baseline -0.006 -16"><span class='ocrx_word' id='word_1_26' title='bbox 286 1311 403 1400; x_wconf 78' lang='lat' dir='ltr'><strong>vellis,</strong></span> <span class='ocrx_word' id='word_1_27' title='bbox 431 1332 503 1402; x_wconf 83' lang='lat' dir='ltr'><strong>que</strong></span> <span class='ocrx_word' id='word_1_28' title='bbox 528 1309 650 1384; x_wconf 84' lang='lat' dir='ltr'><strong>dieitur</strong></span> <span class='ocrx_word' id='word_1_29' title='bbox 668 1309 841 1402; x_wconf 83' lang='lat' dir='ltr'><strong>Josephet.</strong></span> <span class='ocrx_word' id='word_1_30' title='bbox 887 1307 941 1381; x_wconf 80' lang='lat' dir='ltr'><strong>Ad</strong></span> <span class='ocrx_word' id='word_1_31' title='bbox 959 1309 1088 1401; x_wconf 80' lang='lat' dir='ltr'><strong>purtem</strong></span> <span class='ocrx_word' id='word_1_32' title='bbox 1113 1307 1297 1397; x_wconf 75' lang='lat' dir='ltr'><strong>sinistram,</strong></span> 
     </span>
     <span class='ocr_line' id='line_1_6' title="bbox 285 1439 1297 1535; baseline -0.004 -17"><span class='ocrx_word' id='word_1_33' title='bbox 285 1444 343 1519; x_wconf 85' lang='lat' dir='ltr'><strong>ubi</strong></span> <span class='ocrx_word' id='word_1_34' title='bbox 362 1446 440 1518; x_wconf 87' lang='lat' dir='ltr'><strong>sunt</strong></span> <span class='ocrx_word' id='word_1_35' title='bbox 454 1442 568 1534; x_wconf 81' lang='lat' dir='ltr'><strong>vinee,</strong></span> <span class='ocrx_word' id='word_1_36' title='bbox 589 1444 641 1518; x_wconf 87' lang='lat' dir='ltr'><strong>est</strong></span> <span class='ocrx_word' id='word_1_37' title='bbox 659 1445 694 1517; x_wconf 88' lang='lat' dir='ltr'><strong>et</strong></span> <span class='ocrx_word' id='word_1_38' title='bbox 708 1445 814 1535; x_wconf 84' lang='lat' dir='ltr'><strong>petre,</strong></span> <span class='ocrx_word' id='word_1_39' title='bbox 834 1441 892 1516; x_wconf 85' lang='lat' dir='ltr'><strong>ubi</strong></span> <span class='ocrx_word' id='word_1_40' title='bbox 906 1441 1010 1517; x_wconf 83' lang='lat' dir='ltr'><strong>Jndes</strong></span> <span class='ocrx_word' id='word_1_41' title='bbox 1024 1439 1188 1515; x_wconf 81' lang='lat' dir='ltr'><strong>Iseerioth</strong></span> <span class='ocrx_word' id='word_1_42' title='bbox 1202 1439 1297 1516; x_wconf 77' lang='lat' dir='ltr'><strong>shri-</strong></span> 
     </span>
     <span class='ocr_line' id='line_1_7' title="bbox 286 1576 1300 1669; baseline -0.007 -16"><span class='ocrx_word' id='word_1_43' title='bbox 286 1579 375 1653; x_wconf 87' lang='lat' dir='ltr'><strong>stum</strong></span> <span class='ocrx_word' id='word_1_44' title='bbox 406 1576 559 1666; x_wconf 58' lang='lat' dir='ltr'><strong>tradidit</strong></span> <span class='ocrx_word' id='word_1_45' title='bbox 593 1577 636 1650; x_wconf 85' lang='lat' dir='ltr'><strong>ed</strong></span> <span class='ocrx_word' id='word_1_46' title='bbox 662 1578 791 1669; x_wconf 83' lang='lat' dir='ltr'><strong>purtem</strong></span> <span class='ocrx_word' id='word_1_47' title='bbox 817 1597 892 1650; x_wconf 84' lang='lat' dir='ltr'><strong>vero</strong></span> <span class='ocrx_word' id='word_1_48' title='bbox 925 1576 1097 1650; x_wconf 81' lang='lat' dir='ltr'><strong>dexterum</strong></span> <span class='ocrx_word' id='word_1_49' title='bbox 1124 1576 1176 1649; x_wconf 86' lang='lat' dir='ltr'><strong>est</strong></span> <span class='ocrx_word' id='word_1_50' title='bbox 1203 1576 1300 1648; x_wconf 84' lang='lat' dir='ltr'><strong>urbm</strong></span> 
     </span>
     <span class='ocr_line' id='line_1_8' title="bbox 285 1707 1298 1806; baseline -0.007 -19"><span class='ocrx_word' id='word_1_51' title='bbox 285 1713 422 1806; x_wconf 77' lang='lat' dir='ltr'><strong>palmeo,</strong></span> <span class='ocrx_word' id='word_1_52' title='bbox 449 1711 489 1784; x_wconf 90' lang='lat' dir='ltr'><strong>de</strong></span> <span class='ocrx_word' id='word_1_53' title='bbox 515 1732 580 1802; x_wconf 86' lang='lat' dir='ltr'><strong>que</strong></span> <span class='ocrx_word' id='word_1_54' title='bbox 603 1709 749 1783; x_wconf 83' lang='lat' dir='ltr'><strong>inientes</strong></span> <span class='ocrx_word' id='word_1_55' title='bbox 767 1731 875 1783; x_wconf 85' lang='lat' dir='ltr'><strong>remos</strong></span> <span class='ocrx_word' id='word_1_56' title='bbox 897 1710 1048 1783; x_wconf 83' lang='lat' dir='ltr'><strong>tulerunt</strong></span> <span class='ocrx_word' id='word_1_57' title='bbox 1066 1709 1119 1800; x_wconf 90' lang='grc' dir='ltr'><strong>θῖ,</strong></span> <span class='ocrx_word' id='word_1_58' title='bbox 1145 1707 1298 1782; x_wconf 81' lang='lat' dir='ltr'><strong>ueniente</strong></span> 
     </span>
     <span class='ocr_line' id='line_1_9' title="bbox 229 1840 1299 1942; baseline -0.006 -23"><span class='ocrx_word' id='word_1_59' title='bbox 229 1847 230 1850; x_wconf 62' lang='lat'>‘</span> <span class='ocrx_word' id='word_1_60' title='bbox 287 1845 431 1935; x_wconf 79' lang='lat' dir='ltr'><strong>Ohuisto,</strong></span> <span class='ocrx_word' id='word_1_61' title='bbox 451 1845 714 1917; x_wconf 84' lang='lat' dir='ltr'><strong>substreuemmt.</strong></span> <span class='ocrx_word' id='word_1_62' title='bbox 753 1842 835 1916; x_wconf 87' lang='lat' dir='ltr'><strong>Inde</strong></span> <span class='ocrx_word' id='word_1_63' title='bbox 852 1864 917 1916; x_wconf 92' lang='lat' dir='ltr'><strong>non</strong></span> <span class='ocrx_word' id='word_1_64' title='bbox 935 1843 1048 1936; x_wconf 86' lang='lat' dir='ltr'><strong>longe,</strong></span> <span class='ocrx_word' id='word_1_65' title='bbox 1073 1840 1168 1934; x_wconf 81' lang='lat' dir='ltr'><strong>quusi</strong></span> <span class='ocrx_word' id='word_1_66' title='bbox 1186 1840 1229 1914; x_wconf 85' lang='lat' dir='ltr'><strong>ed</strong></span> <span class='ocrx_word' id='word_1_67' title='bbox 1246 1841 1299 1942; x_wconf 68' lang='lat' dir='ltr'><strong>le7</strong></span> 
     </span>
    </p>
   </div>
   <div class='ocr_carea' id='block_1_3' title="bbox 141 1973 1298 2082">
    <p class='ocr_par' dir='ltr' id='par_1_3' title="bbox 141 1973 1298 2082">
     <span class='ocr_line' id='line_1_10' title="bbox 141 1973 1298 2082; baseline -0.003 -31"><span class='ocrx_word' id='word_1_68' title='bbox 141 2073 144 2082; x_wconf 12' lang='lat' dir='ltr'>A</span> <span class='ocrx_word' id='word_1_69' title='bbox 287 1977 374 2071; x_wconf 89' lang='lat' dir='ltr'><strong>pidis</strong></span> <span class='ocrx_word' id='word_1_70' title='bbox 391 1977 547 2066; x_wconf 89' lang='lat' dir='ltr'><strong>missum,</strong></span> <span class='ocrx_word' id='word_1_71' title='bbox 574 1977 653 2050; x_wconf 87' lang='lat' dir='ltr'><strong>sunt</strong></span> <span class='ocrx_word' id='word_1_72' title='bbox 671 1977 883 2050; x_wconf 80' lang='lat' dir='ltr'><strong>monumento</strong></span> <span class='ocrx_word' id='word_1_73' title='bbox 901 1975 982 2064; x_wconf 89' lang='lat' dir='ltr'><strong>duo,</strong></span> <span class='ocrx_word' id='word_1_74' title='bbox 1006 1973 1189 2048; x_wconf 87' lang='lat' dir='ltr'><strong>monubiles</strong></span> <span class='ocrx_word' id='word_1_75' title='bbox 1206 1973 1298 2048; x_wconf 82' lang='lat' dir='ltr'><strong>mire</strong></span> 
     </span>
    </p>
   </div>
   <div class='ocr_carea' id='block_1_4' title="bbox 286 2107 1299 2470">
    <p class='ocr_par' dir='ltr' id='par_1_4' title="bbox 286 2107 1299 2470">
     <span class='ocr_line' id='line_1_11' title="bbox 286 2107 1299 2206; baseline -0.003 -23"><span class='ocrx_word' id='word_1_76' title='bbox 286 2109 553 2206; x_wconf 75' lang='lat' dir='ltr'><strong>pulchritudinis,</strong></span> <span class='ocrx_word' id='word_1_77' title='bbox 573 2109 679 2184; x_wconf 82' lang='lat' dir='ltr'><strong>seete:</strong></span> <span class='ocrx_word' id='word_1_78' title='bbox 707 2109 742 2182; x_wconf 93' lang='lat' dir='ltr'><strong>in</strong></span> <span class='ocrx_word' id='word_1_79' title='bbox 761 2131 864 2182; x_wconf 91' lang='lat' dir='ltr'><strong>unum</strong></span> <span class='ocrx_word' id='word_1_80' title='bbox 882 2108 1008 2202; x_wconf 84' lang='lat' dir='ltr'><strong>pesitus</strong></span> <span class='ocrx_word' id='word_1_81' title='bbox 1031 2110 1082 2182; x_wconf 86' lang='lat' dir='ltr'><strong>est</strong></span> <span class='ocrx_word' id='word_1_82' title='bbox 1099 2107 1206 2181; x_wconf 86' lang='lat' dir='ltr'><strong>Iseies</strong></span> <span class='ocrx_word' id='word_1_83' title='bbox 1223 2127 1299 2202; x_wconf 88' lang='lat' dir='ltr'><strong>pro·</strong></span> 
     </span>
     <span class='ocr_line' id='line_1_12' title="bbox 287 2241 1297 2339; baseline -0.003 -22"><span class='ocrx_word' id='word_1_84' title='bbox 287 2246 399 2339; x_wconf 77' lang='lat' dir='ltr'><strong>pheta,</strong></span> <span class='ocrx_word' id='word_1_85' title='bbox 421 2243 478 2337; x_wconf 87' lang='lat' dir='ltr'><strong>qui</strong></span> <span class='ocrx_word' id='word_1_86' title='bbox 496 2245 549 2318; x_wconf 91' lang='lat' dir='ltr'><strong>est</strong></span> <span class='ocrx_word' id='word_1_87' title='bbox 567 2265 642 2318; x_wconf 83' lang='lat' dir='ltr'><strong>uere</strong></span> <span class='ocrx_word' id='word_1_88' title='bbox 661 2242 878 2334; x_wconf 86' lang='lat' dir='ltr'><strong>monolithus,</strong></span> <span class='ocrx_word' id='word_1_89' title='bbox 899 2244 933 2316; x_wconf 88' lang='lat' dir='ltr'><strong>et</strong></span> <span class='ocrx_word' id='word_1_90' title='bbox 950 2241 987 2314; x_wconf 91' lang='lat' dir='ltr'><strong>in</strong></span> <span class='ocrx_word' id='word_1_91' title='bbox 1006 2241 1108 2316; x_wconf 88' lang='lat' dir='ltr'><strong>elium</strong></span> <span class='ocrx_word' id='word_1_92' title='bbox 1126 2241 1297 2332; x_wconf 84' lang='lat' dir='ltr'><strong>Eneehies,</strong></span> 
     </span>
     <span class='ocr_line' id='line_1_13' title="bbox 287 2377 553 2470; baseline 0.004 -18"><span class='ocrx_word' id='word_1_93' title='bbox 287 2399 346 2452; x_wconf 84' lang='lat' dir='ltr'><strong>rex</strong></span> <span class='ocrx_word' id='word_1_94' title='bbox 362 2377 553 2470; x_wconf 77' lang='lat' dir='ltr'><strong>judeorum.</strong></span> 
     </span>
    </p>
   </div>
   <div class='ocr_carea' id='block_1_5' title="bbox 331 2636 1300 2934">
    <p class='ocr_par' dir='ltr' id='par_1_5' title="bbox 331 2636 1300 2934">
     <span class='ocr_line' id='line_1_14' title="bbox 331 2636 1300 2730; baseline -0.002 -10"><span class='ocrx_word' id='word_1_95' title='bbox 331 2665 391 2720; x_wconf 85' lang='lat' dir='ltr'><strong>IX.</strong></span> <span class='ocrx_word' id='word_1_96' title='bbox 421 2636 690 2729; x_wconf 82' lang='lat' dir='ltr'><strong>Monsoliveti,</strong></span> <span class='ocrx_word' id='word_1_97' title='bbox 715 2663 816 2719; x_wconf 88' lang='lat' dir='ltr'><strong>loous</strong></span> <span class='ocrx_word' id='word_1_98' title='bbox 840 2660 1094 2730; x_wconf 76' lang='lat' dir='ltr'><strong>uieoipulorum</strong></span> <span class='ocrx_word' id='word_1_99' title='bbox 1115 2661 1300 2718; x_wconf 83' lang='lat' dir='ltr'><strong>Dominum</strong></span> 
     </span>
     <span class='ocr_line' id='line_1_15' title="bbox 421 2767 1300 2836; baseline -0.005 -8"><span class='ocrx_word' id='word_1_100' title='bbox 421 2769 647 2836; x_wconf 77' lang='lat' dir='ltr'><strong>audientium,</strong></span> <span class='ocrx_word' id='word_1_101' title='bbox 655 2767 1033 2836; x_wconf 79' lang='lat' dir='ltr'><strong>besilieeconstentini,</strong></span> <span class='ocrx_word' id='word_1_102' title='bbox 1041 2767 1300 2835; x_wconf 82' lang='lat' dir='ltr'><strong>loeusvieionis,</strong></span> 
     </span>
     <span class='ocr_line' id='line_1_16' title="bbox 420 2875 598 2934; baseline 0 -2"><span class='ocrx_word' id='word_1_103' title='bbox 420 2875 598 2934; x_wconf 74' lang='lat' dir='ltr'><strong>Bethania.</strong></span> 
     </span>
    </p>
   </div>
   <div class='ocr_carea' id='block_1_6' title="bbox 287 3039 1301 3802">
    <p class='ocr_par' dir='ltr' id='par_1_6' title="bbox 287 3039 1301 3802">
     <span class='ocr_line' id='line_1_17' title="bbox 358 3039 1298 3131; baseline 0.001 -17"><span class='ocrx_word' id='word_1_104' title='bbox 358 3041 441 3116; x_wconf 87' lang='lat' dir='ltr'><strong>Inde</strong></span> <span class='ocrx_word' id='word_1_105' title='bbox 455 3041 605 3117; x_wconf 78' lang='lat' dir='ltr'><strong>aseendis</strong></span> <span class='ocrx_word' id='word_1_106' title='bbox 624 3041 660 3115; x_wconf 92' lang='lat' dir='ltr'><strong>in</strong></span> <span class='ocrx_word' id='word_1_107' title='bbox 673 3040 960 3131; x_wconf 79' lang='lat' dir='ltr'><strong>montemOIiveti,</strong></span> <span class='ocrx_word' id='word_1_108' title='bbox 980 3039 1038 3114; x_wconf 85' lang='lat' dir='ltr'><strong>ubi</strong></span> <span class='ocrx_word' id='word_1_109' title='bbox 1047 3039 1205 3114; x_wconf 90' lang='lat' dir='ltr'><strong>Dominus</strong></span> <span class='ocrx_word' id='word_1_110' title='bbox 1220 3041 1298 3115; x_wconf 85' lang='lat' dir='ltr'><strong>ente</strong></span> 
     </span>
     <span class='ocr_line' id='line_1_18' title="bbox 287 3173 1298 3270; baseline -0.003 -21"><span class='ocrx_word' id='word_1_111' title='bbox 287 3175 472 3268; x_wconf 72' lang='lat' dir='ltr'><strong>passionem</strong></span> <span class='ocrx_word' id='word_1_112' title='bbox 490 3174 668 3270; x_wconf 78' lang='lat' dir='ltr'><strong>discipulos</strong></span> <span class='ocrx_word' id='word_1_113' title='bbox 686 3175 805 3249; x_wconf 88' lang='lat' dir='ltr'><strong>doeuit.</strong></span> <span class='ocrx_word' id='word_1_114' title='bbox 844 3174 897 3248; x_wconf 84' lang='lat' dir='ltr'><strong>Ibi</strong></span> <span class='ocrx_word' id='word_1_115' title='bbox 917 3173 1008 3248; x_wconf 81' lang='lat' dir='ltr'><strong>seete</strong></span> <span class='ocrx_word' id='word_1_116' title='bbox 1027 3176 1079 3248; x_wconf 88' lang='lat' dir='ltr'><strong>est</strong></span> <span class='ocrx_word' id='word_1_117' title='bbox 1101 3175 1196 3266; x_wconf 76' lang='lat' dir='ltr'><strong>Jussu</strong></span> <span class='ocrx_word' id='word_1_118' title='bbox 1215 3174 1298 3249; x_wconf 78' lang='lat' dir='ltr'><strong>Gon-</strong></span> 
     </span>
     <span class='ocr_line' id='line_1_19' title="bbox 288 3306 1300 3402; baseline -0.002 -20"><span class='ocrx_word' id='word_1_119' title='bbox 288 3307 428 3383; x_wconf 84' lang='lat' dir='ltr'><strong>etentini</strong></span> <span class='ocrx_word' id='word_1_120' title='bbox 446 3307 585 3382; x_wconf 80' lang='lat' dir='ltr'><strong>besilius</strong></span> <span class='ocrx_word' id='word_1_121' title='bbox 603 3308 695 3382; x_wconf 86' lang='lat' dir='ltr'><strong>miree</strong></span> <span class='ocrx_word' id='word_1_122' title='bbox 713 3306 980 3401; x_wconf 80' lang='lat' dir='ltr'><strong>puiehritudinis.</strong></span> <span class='ocrx_word' id='word_1_123' title='bbox 1019 3307 1101 3381; x_wconf 85' lang='lat' dir='ltr'><strong>Inde</strong></span> <span class='ocrx_word' id='word_1_124' title='bbox 1119 3328 1184 3380; x_wconf 93' lang='lat' dir='ltr'><strong>non</strong></span> <span class='ocrx_word' id='word_1_125' title='bbox 1202 3307 1300 3402; x_wconf 81' lang='lat' dir='ltr'><strong>longe</strong></span> 
     </span>
     <span class='ocr_line' id='line_1_20' title="bbox 288 3439 1300 3534; baseline -0.004 -18"><span class='ocrx_word' id='word_1_126' title='bbox 288 3443 340 3516; x_wconf 89' lang='lat' dir='ltr'><strong>est</strong></span> <span class='ocrx_word' id='word_1_127' title='bbox 353 3440 565 3532; x_wconf 82' lang='lat' dir='ltr'><strong>monticulus,</strong></span> <span class='ocrx_word' id='word_1_128' title='bbox 581 3441 638 3515; x_wconf 85' lang='lat' dir='ltr'><strong>ubi</strong></span> <span class='ocrx_word' id='word_1_129' title='bbox 647 3441 806 3514; x_wconf 88' lang='lat' dir='ltr'><strong>Dominus</strong></span> <span class='ocrx_word' id='word_1_130' title='bbox 820 3439 968 3514; x_wconf 77' lang='lat' dir='ltr'><strong>escendit</strong></span> <span class='ocrx_word' id='word_1_131' title='bbox 977 3461 1080 3531; x_wconf 88' lang='lat' dir='ltr'><strong>orere,</strong></span> <span class='ocrx_word' id='word_1_132' title='bbox 1097 3441 1132 3513; x_wconf 87' lang='lat' dir='ltr'><strong>et</strong></span> <span class='ocrx_word' id='word_1_133' title='bbox 1144 3439 1300 3534; x_wconf 80' lang='lat' dir='ltr'><strong>apperuit</strong></span> 
     </span>
     <span class='ocr_line' id='line_1_21' title="bbox 287 3573 1301 3670; baseline -0.002 -22"><span class='ocrx_word' id='word_1_134' title='bbox 287 3574 358 3649; x_wconf 90' lang='lat' dir='ltr'><strong>illio</strong></span> <span class='ocrx_word' id='word_1_135' title='bbox 389 3575 517 3670; x_wconf 86' lang='lat' dir='ltr'><strong>Moyses</strong></span> <span class='ocrx_word' id='word_1_136' title='bbox 548 3576 582 3648; x_wconf 88' lang='lat' dir='ltr'><strong>et</strong></span> <span class='ocrx_word' id='word_1_137' title='bbox 606 3573 718 3665; x_wconf 84' lang='lat' dir='ltr'><strong>Elies,</strong></span> <span class='ocrx_word' id='word_1_138' title='bbox 755 3573 885 3666; x_wconf 79' lang='lat' dir='ltr'><strong>quando</strong></span> <span class='ocrx_word' id='word_1_139' title='bbox 909 3574 1057 3648; x_wconf 41' lang='lat' dir='ltr'><strong>Petrumx</strong></span> <span class='ocrx_word' id='word_1_140' title='bbox 1080 3575 1116 3647; x_wconf 87' lang='lat' dir='ltr'><strong>et</strong></span> <span class='ocrx_word' id='word_1_141' title='bbox 1139 3575 1301 3648; x_wconf 83' lang='lat' dir='ltr'><strong>Joennem</strong></span> 
     </span>
     <span class='ocr_line' id='line_1_22' title="bbox 288 3706 1299 3802; baseline -0.002 -20"><span class='ocrx_word' id='word_1_142' title='bbox 288 3730 398 3784; x_wconf 87' lang='lat' dir='ltr'><strong>seeum</strong></span> <span class='ocrx_word' id='word_1_143' title='bbox 416 3708 522 3784; x_wconf 83' lang='lat' dir='ltr'><strong>duxit.</strong></span> <span class='ocrx_word' id='word_1_144' title='bbox 550 3708 632 3782; x_wconf 91' lang='lat' dir='ltr'><strong>Inde</strong></span> <span class='ocrx_word' id='word_1_145' title='bbox 650 3707 692 3781; x_wconf 86' lang='lat' dir='ltr'><strong>ed</strong></span> <span class='ocrx_word' id='word_1_146' title='bbox 710 3707 868 3782; x_wconf 87' lang='lat' dir='ltr'><strong>orientem</strong></span> <span class='ocrx_word' id='word_1_147' title='bbox 887 3729 1006 3801; x_wconf 82' lang='lat' dir='ltr'><strong>pessus</strong></span> <span class='ocrx_word' id='word_1_148' title='bbox 1024 3706 1117 3780; x_wconf 88' lang='lat' dir='ltr'><strong>mille</strong></span> <span class='ocrx_word' id='word_1_149' title='bbox 1136 3706 1299 3802; x_wconf 84' lang='lat' dir='ltr'><strong>quingen·</strong></span> 
     </span>
    </p>
   </div>
   <div class='ocr_carea' id='block_1_7' title="bbox 0 0 1502 4700">
    <p class='ocr_par' dir='ltr' id='par_1_7' title="bbox 0 0 1502 4700">
     <span class='ocr_line' id='line_1_23' title="bbox 0 0 1502 4700; baseline 0 0"><span class='ocrx_word' id='word_1_150' title='bbox 0 0 1502 4700; x_wconf 95' lang='lat' dir='ltr'><strong> </strong></span> 
     </span>
    </p>
   </div>
  </div>
 </body>
</html>
