2986 4700
1123 443 1163 504 115

155 635 253 711 010110
272 637 372 730 pedes
390 634 494 726 lauit,
515 635 594 729 quia
612 635 684 729 ipse
701 636 791 710 locus
810 634 846 710 in
863 635 1021 728 spelunca
1039 637 1109 724 ost,
1128 637 1164 710 et

154 769 359 844 descendunt
378 768 425 842 ibi
442 769 535 842 modo
554 769 603 842 OG
620 769 782 842 monachi.

231 904 291 976 12.
321 901 469 996 Apiuua
486 903 604 997 templi
617 903 736 976 subtus
749 901 984 976 monasterium
997 903 1050 976 est
1063 900 1163 975 casti-

155 1035 367 1127 monialium,
391 1037 426 1111 et
445 1036 574 1130 quaudo
593 1035 707 1128 aliqua
724 1057 836 1109 earum
855 1034 1027 1109 transierit
1044 1033 1084 1109 de
1103 1056 1163 1108 sa-

154 1169 247 1260 outo,
274 1168 321 1252 ibi
346 1169 438 1243 intus
462 1169 498 1243 in
515 1168 712 1244 monasterio
729 1167 800 1262 ipso
820 1167 1006 1262 reponitur,
1032 1171 1067 1243 et
1091 1191 1164 1261 qua

157 1301 241 1377 illuc
258 1301 474 1392 intrauerint,
494 1303 677 1396 usquedum
695 1301 830 1392 urunt,
852 1301 928 1376 inde
945 1324 1010 1375 non
1027 1304 1161 1376 exeunt.

154 1435 291 1530 Quando
315 1437 429 1530 aliqua
455 1436 495 1510 de
519 1435 924 1510 sanctimonialibusilluc
942 1435 1089 1509 conuerti
1107 1457 1163 1508 uo·

155 1569 268 1660 luerit,
284 1571 343 1644 aut
358 1569 458 1644 alicui
471 1569 648 1664 poenitenti
661 1570 726 1642 huc
736 1569 962 1642 tantummodo
975 1567 1054 1662 ipse
1063 1570 1164 1663 porta

153 1702 365 1797 aperiuntur;
394 1725 471 1778 nam
498 1725 628 1797 semper
652 1702 773 1776 clause
790 1704 881 1776 sunt.
919 1701 1088 1776 Victualia
1106 1723 1165 1795 per

155 1859 287 1911 murum
306 1835 489 1930 accipiunt,
516 1839 550 1910 et
568 1859 689 1929 uquam
707 1835 747 1910 de
765 1835 926 1926 cisterna,
953 1855 1053 1928 quam
1077 1834 1165 1928 apud

154 1991 193 2043 se
211 1971 347 2044 habent.
840 1971 842 1978 '

216 2103 292 2175 re.
331 2101 456 2176 Deinde
475 2102 626 2176 ascendis
643 2102 678 2174 in
696 2103 851 2176 montem.
885 2103 935 2174 De
952 2101 1165 2175 Hierusalem

156 2255 261 2326 usque
274 2233 310 2327 iu
323 2235 612 2325 montemOIiueti‚
633 2235 719 2327 quod
733 2233 900 2324 scribitur,
916 2231 1024 2308 stadia
1038 2235 1165 2327 septem

156 2366 228 2441 eive
246 2367 440 2442 milliarium
457 2389 571 2440 unum.
605 2367 687 2440 Inde
702 2366 861 2440 Dominus
880 2367 1027 2440 escendit
1044 2365 1082 2440 ia
1099 2387 1164 2440 coa·

145 2501 238 2576 ium.
268 2500 321 2575 Ibi
339 2502 419 2574 sunt
436 2501 605 2576 fabricatae
619 2501 765 2574 XXIIII
779 2499 936 2593 ecclesie,
956 2499 1050 2574 etibi
1066 2521 1164 2594 prope

154 2636 209 2710 est
222 2636 392 2729 spetunca,
408 2655 479 2727 quae
493 2633 613 2708 dicitur
630 2639 730 2728 μάζα,
749 2634 834 2726 quod
846 2633 1084 2728 iuterpretatur
1097 2633 1163 2708 dis·

155 2767 353 2866 cipuloram,
372 2767 431 2842 ubi
442 2765 615 2859 Dominus,
636 2768 765 2861 quando
778 2767 979 2861 praedicabat
991 2767 1027 2840 in
1040 2767 1163 2842 Hieru-

156 2902 274 2993 salem,
292 2899 530 2993 requiescebat.
564 2903 606 2975 In
619 2905 729 2986 monte
744 2901 866 2977 Oliveti
882 2903 994 2996 posuit
1006 2901 1165 2976 Dominus

155 3036 309 3108 humeros
338 3056 437 3128 super
464 3035 627 3130 lapidem,
660 3035 787 3128 inquo
819 3035 881 3109 fixi
911 3033 1005 3110 ambo
1036 3034 1165 3110 humeri

156 3167 267 3240 adhuc
293 3169 454 3260 apparent
481 3167 567 3253 sicut
592 3168 628 3241 in
655 3189 729 3244 cora
756 3167 865 3257 molli,
895 3167 953 3260 qui
978 3170 1070 3243 locus
1093 3167 1165 3241 ideo

156 3300 250 3376 icona
276 3303 420 3376 uocatur.
466 3301 512 3376 Et
534 3304 585 3376 eet
608 3300 679 3375 illic
704 3301 806 3376 etlam
831 3301 994 3376 fabricata
1015 3300 1163 3390 00010010,

154 3435 257 3527 Juxta
282 3456 381 3528 quam
407 3434 637 3525 00100010010,
664 3433 700 3508 in
725 3457 791 3529 qua
816 3437 932 3510 sancta
950 3434 1090 3529 Pelagio
1111 3455 1164 3508 re·

158 3567 311 3661 quescit.
350 3568 395 3642 ut
413 3567 461 3642 ibi
479 3570 559 3642 suut
576 3569 648 3642 dure
665 3568 823 3659 basilicae,
843 3565 1163 3664 01110001010101-

157 3701 232 3775 stus
250 3701 430 3795 discipulos
448 3722 534 3776 suos.
573 3702 617 3776 Et
634 3701 710 3778 inde
728 3701 820 3778 uenis
838 3703 880 3776 ad
898 3701 1083 3790 1101110000,
1108 3699 1165 3774 ubi

943 3823 987 3886 3*
