2986 4700
346 453 382 515 to

341 668 405 740 que
418 644 550 736 itinere,
572 643 774 737 Nicopolim,
789 664 862 735 quae
877 642 970 737 prius
986 643 1143 717 Emmaus
1160 645 1355 736 amabatur,

340 779 429 875 apud
448 800 549 871 quam
566 775 781 852 infractione
799 775 897 870 panis
917 777 1070 871 oognitus
1084 776 1245 851 Dominus
1260 776 1355 852 (ileo-

339 914 414 1008 pha
432 913 565 985 domum
581 909 618 984 in
636 909 810 984 ecelesiam
828 909 1004 984 dedioavit.

414 1045 448 1119 (i.
465 1045 524 1118 VI.
563 1042 677 1137 Atque
694 1041 772 1117 inde
789 1041 1001 1136 profioisoens
1021 1042 1173 1118 aseendit
1186 1044 1357 1117 Bethoron

340 1177 527 1252 inferiorem
546 1179 581 1252 et
599 1175 820 1270 superiorem,
842 1178 941 1250 urbes
960 1199 980 1250 a
1000 1174 1174 1252 Salomone
1192 1176 1355 1268 nonnitus,

341 1312 400 1386 sed
413 1311 506 1385 varia
524 1312 641 1405 postea
658 1310 820 1384 bellorum
834 1312 1035 1403 tempestato
1049 1310 1190 1400 deletas,
1210 1310 1254 1384 ad
1272 1310 1354 1384 dex·

340 1448 449 1520 teram
471 1443 637 1539 aspiciens
656 1442 785 1536 Ajotoo
806 1446 841 1518 et
862 1443 1020 1533 Gobooo,
1044 1442 1103 1516 ubi
1121 1443 1238 1534 Jesus,
1263 1443 1356 1518 filius

340 1580 452 1671 Nare,
478 1581 593 1653 eontra
613 1578 758 1671 quinquo
776 1599 874 1672 reges
892 1567 1072 1669 dimioans,
1098 1575 1160 1650 soli
1178 1575 1358 1670 imperauit

341 1715 377 1787 st
393 1714 496 1801 lunae,
522 1714 558 1785 et
576 1709 800 1802 (iahamias,
826 1713 867 1784 ob
887 1710 978 1785 dolos
1005 1713 1040 1785 et
1057 1710 1198 1785 insidias
1221 1710 1357 1786 fauens

340 1843 531 1938 impetrati,
564 1843 601 1916 in
632 1844 787 1936 aquarios
819 1843 1047 1938 lignariosque
1078 1843 1261 1919 damnavit.
1313 1846 1358 1918 In

346 1977 473 2068 (iabou,
487 1981 568 2052 urbe
578 2000 685 2070 usque
700 1978 743 2051 ad
757 1979 863 2052 solnm
877 1975 1000 2069 diruta
1016 1978 1190 2070 paululum
1202 1977 1358 2052 substitit

341 2113 513 2187 recordata
531 2116 604 2205 ejus
623 2113 658 2186 et
676 2111 863 2186 oonoubina
881 2111 917 2183 in
935 2111 1044 2184 frusta
1063 2110 1177 2185 diuisa
1196 2110 1357 2186 attribue

341 2245 519 2338 Beniamin
533 2245 748 2322 introeuntes
762 2245 850 2321 uiros
864 2245 1153 2340 propterPauium
1167 2245 1358 2338 apostolum

342 2383 540 2455 reservatos.
578 2378 664 2474 Quid
683 2379 740 2454 diu
757 2379 882 2454 moroni
900 2377 954 2454 Ad
968 2380 1086 2453 laram
1103 2379 1270 2454 mausoleo
1284 2377 1356 2453 He·

342 2513 429 2587 lenes
449 2511 621 2603 derelieto,
641 2533 717 2605 quae
737 2511 982 2587 Adiabenorum
1000 2511 1118 2606 regina
1135 2510 1171 2585 in
1188 2511 1277 2585 fame
1294 2531 1357 2605 po·

341 2647 459 2740 pulum
472 2645 639 2719 frumento
655 2646 802 2738 juverat,
822 2644 975 2740 ingressa
989 2646 1043 2720 est
1055 2640 1357 2746 Hierosolymam,

342 2781 458 2854 urbem
475 2776 698 2870 trinominem,
718 2779 833 2872 iebus,
855 2775 978 2873 Salem,
999 2780 1198 2870 Jerusalem,
1218 2798 1295 2872 quae
1313 2780 1357 2855 ab

342 2909 450 3004 Aelio,
469 2914 586 3006 portea
600 2910 783 3005 Hadriano,
804 2913 844 2987 de
857 2912 964 2987 ruinis
979 2913 1013 2987 et
1027 2912 1192 2988 cineribus
1207 2910 1357 2987 civitatis

226 3149 228 3152 Ι
341 3044 379 3118 in
395 3043 528 3119 Aeliam
546 3043 710 3120 suseitata
739 3047 802 3120 est.
841 3043 1015 3140 Quumque
1042 3047 1218 3140 proconsul
1243 3045 1356 3119 Palae-

342 3178 460 3270 stinas,
487 3177 546 3271 qui
563 3177 728 3254 familiam
745 3182 818 3273 ejus
845 3177 969 3274 optime
990 3180 1146 3271 nouerat,
1171 3177 1357 3274 premissis

342 3310 601 3406 apparitoribus,
615 3311 716 3406 jussit
729 3311 1060 3408 perannaturum,
1076 3311 1181 3408 elegit
1194 3311 1358 3388 humilem

342 3443 515 3536 sellulam,
544 3446 579 3519 et
603 3446 724 3519 ounota
748 3445 822 3522 looa
844 3447 940 3521 tento
963 3447 1079 3521 ardore
1105 3467 1144 3520 ao
1163 3444 1273 3520 studio
1291 3445 1357 3521 oir-
1474 3483 1475 3538 ς

342 3575 498 3670 armna,
525 3580 580 3672 ut,
605 3578 672 3653 nisi
690 3579 733 3652 ad
750 3579 881 3674 reliqua
898 3579 1094 3671 festinaret,
1118 3578 1272 3676 oprimis
1290 3602 1359 3656 non

342 3711 457 3805 posset
474 3711 605 3787 abdnoi.
639 3713 880 3807 Prostrataqne
899 3715 978 3789 ante
997 3735 1139 3806 ennoem,
1159 3711 1256 3807 qnasi
1273 3735 1358 3808 pen·
