2986 4700
318 385 358 446 ³2

318 597 400 650 orux
416 573 540 649 Dhristi
556 521 739 650 doeldretu:
754 573 952 666 cubiculum,
972 575 1030 650 ubi
1048 573 1158 670 posite
1175 579 1227 652 ost
1244 599 1329 651 crux

317 707 449 782 Domini
466 706 573 782 nostri
591 709 673 783 lesu
692 708 829 784 Dluieti.
867 709 912 782 Et
930 709 1002 803 ipse
1019 731 1102 784 orux
1119 713 1172 784 est
1189 711 1230 783 de
1247 732 1328 784 euro

310 842 352 933 ¹et
369 841 510 936 gemmis
529 843 663 933 ornato,
688 843 723 916 θῖ
741 843 860 916 eoelum
878 842 1018 936 desuper
1035 864 1191 934 aureum,
1216 846 1252 917 et
1267 843 1326 918 de·
1485 891 1486 900 κ

316 973 396 1048 foris
418 976 522 1048 hebet
546 975 741 1048 oenoellum.
780 974 833 1049 Ibi
858 977 916 1048 est.
936 974 1020 1048 illud
1038 974 1243 1068 missorium,
1267 976 1327 1050 ubi
1483 1035 1484 1040 θ

316 1109 484 1202 portatum
509 1106 576 1181 fuit
600 1111 701 1201 eaput
723 1107 861 1183 Joonnis
879 1107 1042 1200 Baptistae
1065 1110 1144 1183 ente
1162 1108 1326 1184 Herodem
1481 1147 1483 1198 t

316 1263 439 1335 regem.
474 1241 519 1314 Et
537 1239 585 1314 ibi
603 1243 656 1314 est
669 1261 767 1314 eornu
785 1240 881 1331 illud,
901 1241 987 1315 unde
1001 1242 1121 1314 unctus
1136 1244 1188 1316 θθῖ
1203 1242 1323 1316 David.
1482 1211 1484 1260 ἰ

316 1372 426 1449 Dt-ibi
442 1373 636 1468 plesmetus.
648 1378 700 1449 est
718 1374 836 1448 Adam.

359 1530 363 1539 ·
387 1507 423 1582 4.
452 1509 574 1582 Postee
591 1507 699 1581 intres
717 1507 753 1580 in
770 1506 960 1598 busilioom,
980 1505 1016 1582 in
1034 1505 1247 1602 Golgothom,
1267 1508 1327 1582 ubi
1483 1497 1485 1502 ’

315 1639 459 1723 inventes
473 1641 553 1714 sunt
566 1643 635 1714 tres
652 1621 763 1715 oruees
777 1639 989 1714 ubsoonditae.
1021 1641 1066 1714 Dt
1080 1642 1133 1714 est
1151 1640 1198 1714 ibi
1218 1643 1327 1716 altere

316 1775 362 1848 de·
375 1794 455 1848 euro
474 1775 509 1848 et
526 1775 673 1868 urgente.
709 1773 754 1847 Dt
767 1774 871 1848 hebet
884 1775 1051 1848 eolumnes
1064 1795 1180 1848 nouom
1194 1797 1324 1867 eureos,

316 1928 393 2002 queo
412 1906 578 1982 sustinent
596 1906 680 1979 illud
699 1908 816 1982 eltero.
854 1907 900 1980 Et
924 1910 977 1982 est
1001 1906 1037 1980 in
1055 1907 1166 1982 medie
1185 1907 1326 1984 besilius

314 2043 448 2132 lenden,
472 2039 559 2115 unde
582 2061 757 2134 pereussos
782 2040 849 2113 luit
872 2039 1031 2113 Dominus
1055 2041 1154 2115 lesus
1173 2040 1325 2116 Christus

114 2153 116 2157 ¹
241 2227 244 2233 ,
314 2175 351 2252 in
367 2177 459 2249 letus
478 2196 585 2248 suum.
623 2175 668 2248 Et
685 2174 726 2248 de
743 2173 816 2267 ipse
833 2175 949 2247 leneeo
973 2172 1064 2249 seete
1089 2175 1140 2248 est
1163 2194 1262 2266 orux,
1289 2178 1325 2249 et

315 2308 362 2383 sie
379 2309 470 2382 lueet
487 2331 546 2402 per
563 2311 692 2382 nostem
711 2306 797 2382 sieut
816 2308 865 2382 sol
882 2329 941 2401 per
956 2305 1054 2394 diem.

385 2441 435 2546 De
450 2439 612 2516 delveriae
631 2443 700 2514 looo
716 2463 822 2534 usque
839 2440 876 2514 in
891 2439 1089 2535 Golgothem
1108 2463 1235 2535 pessus.
1245 2443 1325 2515 sunt

228 2587 230 2592 '
313 2597 448 2651 numero
466 2577 543 2650 XV.

387 2713 422 2784 5.
460 2708 613 2784 quentio
637 2711 765 2782 semotee
789 2707 904 2782 eruois.
951 2706 1086 2802 Quando
1110 2709 1247 2782 inuento
1272 2709 1325 2782 est

314 2846 362 2918 eo
375 2844 523 2933 Helene,
542 2843 650 2916 metro
668 2841 895 2939 Constantini,
915 2845 1019 2918 XVII
1037 2844 1106 2916 kel.
1128 2841 1271 2916 oetobris
1290 2845 1325 2916 ot

314 2999 372 3072 per
390 2979 519 3070 septem
541 2975 610 3082 dies
630 2975 666 3050 in
682 2976 894 3050 Hierusalem
914 2977 956 3050 od
970 2979 1121 3050 sonetum
1135 2976 1324 3069 sepulerum

313 3109 447 3186 Domini
465 3105 577 3184 missee
597 3112 819 3198 celebrentur,
840 3113 874 3184 θῖ
892 3109 965 3204 ipse
983 3129 1064 3182 erun
1082 3108 1277 3183 ostenditur.

387 3245 421 3318 6.
455 3245 510 3318 vDe
536 3233 703 3338 Golgothe
727 3265 832 3336 usquo
857 3243 893 3316 in
923 3246 1072 3316 sonetum
1100 3241 1179 3318 Sion
1206 3264 1324 3337 pessus

313 3399 449 3480 numero
463 3378 525 3469 dd,
541 3399 617 3471 queo
632 3380 683 3451 est
697 3379 804 3450 meter
817 3375 962 3450 omnium
976 3360 1203 3451 eeclesiarum:
1223 3399 1323 3470 quem

315 3486 393 3586 Sion
410 3510 569 3586 Dominus
588 3512 700 3584 noster
719 3510 871 3584 Christus
889 3531 964 3583 eum
983 3509 1140 3605 apostolis
1157 3509 1320 3584 fundauit.

313 3647 393 3738 Ipse
412 3644 479 3718 fuit
497 3645 610 3717 domus
637 3645 744 3718 sensti
764 3643 867 3716 lleroi
893 3642 1118 3738 evengelistae.
1155 3645 1321 3735 Dolumne,
