2986 4700
1131 457 1171 520 ’23

162 647 355 722 distributor
380 649 620 743 possessionum
647 649 711 722 sibi
736 647 894 724 montana
919 653 953 724 θῖ
977 671 1096 743 aspera
1114 651 1171 724 de·

155 783 313 890 degisset.

205 983 208 990 A
235 915 268 990 d.
280 917 375 990 XVI.
416 915 501 1008 Quid
519 937 649 989 narrem
664 915 745 1005 Silo,
762 913 883 1008 inqua
901 917 1008 990 altare
1026 915 1173 989 dirutum

161 1049 322 1142 hodieque
340 1035 555 1140 monstratur,
576 1051 610 1122 θῖ
627 1051 761 1142 raptum
780 1048 970 1122 sabinarum
991 1072 1011 1122 a
1030 1050 1172 1123 Romulo

161 1181 269 1256 tribus
282 1181 497 1275 benjamitica
511 1181 742 1276 praeouomritt
760 1180 1079 1272 TransiuitSictem,
1093 1205 1170 1269 non,

160 1318 200 1389 ut
223 1315 392 1410 pleriques
411 1318 542 1390 errante
560 1317 698 1410 legunt,
726 1313 855 1406 diadar,
882 1338 1060 1408 quemme
1080 1317 1172 1390 Nea-

154 1451 247 1542 polis
274 1449 482 1542 appellatur,
513 1452 555 1522 et'
575 1472 617 1524 ex
644 1451 750 1523 latere
777 1449 900 1522 montis
928 1449 1086 1523 Gerizim
1111 1471 1171 1522 ex·

161 1584 323 1656 structam
337 1581 423 1656 eirea
429 1591 576 1676 puteum
588 1583 694 1656 Jooob
709 1581 849 1656 intrarit
863 1581 1052 1656 eeclesiam:
1073 1603 1173 1676 super

162 1737 226 1808 quo
245 1715 391 1789 residens
406 1715 578 1806 Dominus,
599 1715 781 1809 sitiensque
799 1718 834 1789 θῖ
852 1715 1011 1806 esuriens,
1031 1715 1171 1789 samari·

161 1844 248 1922 tanae
265 1849 331 1922 fide
351 1849 494 1923 satiatus
514 1852 582 1939 θεῖ,
604 1871 694 1942 qua,
715 1829 861 1942 quinque
879 1849 1095 1924 mosaicormn
1114 1871 1171 1922 uo·

159 1981 323 2054 luminum
349 1981 429 2055 viris
456 1984 635 2075 sextoque,
669 2005 768 2075 quem
795 2004 831 2056 se
859 1985 981 2056 habero
1005 1985 1170 2074 J'aotabat,

162 2135 269 2188 errore
287 2114 441 2188 Dosithei
468 2115 643 2204 derelioto‚
671 2137 784 2189 uerum
811 2115 968 2188 messiam
995 2119 1030 2188 θῖ
1057 2137 1172 2188 rerum

160 2245 285 2340 reperit
309 2248 518 2322 saluatorem.
564 2247 677 2340 Atque
701 2248 777 2320 indo
803 2247 970 2338 divertens
989 2247 1073 2322 uidit
1091 2246 1171 2320 duo-

160 2377 266 2452 deoim
285 2379 551 2473 patriarcharum
569 2383 722 2474 sepulora
740 2384 774 2454 ot
791 2382 970 2471 dadastam,
989 2381 1023 2454 id
1042 2383 1095 2454 θεῖ
1110 2379 1170 2455 Sa·

159 2511 315 2604 mariam,
345 2535 418 2605 quae
446 2513 482 2586 in
507 2515 661 2588 honorem
677 2513 827 2609 Augusti
851 2517 893 2588 ab
911 2516 1043 2589 Herode
1067 2537 1172 2609 graoo

129 2661 306 2720 'sermone
323 2645 480 2741 Augusta
507 2650 559 2721 est
585 2647 765 2722 nominata.
813 2647 866 2722 roi
890 2648 947 2722 siti
970 2651 1050 2722 sunt
1073 2648 1171 2722 Heli-

158 2801 244 2852 saeus
269 2783 304 2853 et
322 2779 447 2854 Abdias
474 2783 643 2875 prophetae
668 2786 720 2870 θῖ,
747 2805 810 2876 quo
836 2785 940 2875 majm
963 2782 1051 2856 inter
1074 2784 1172 2856 natos

158 2912 335 2986 mulierum
353 2937 419 2986 non
437 2914 522 3006 tuit,
551 2918 694 2990 Joannes
711 2916 889 3010 Baptista:
908 2916 966 2990 ubi
983 2917 1101 2990 multis
1118 2916 1170 2989 in·

159 3044 296 3118 tremuit
314 3045 538 3137 mirabilibus3
558 3071 700 3142 namque
719 3053 875 3123 demebat
889 3049 989 3122 uariis
1009 3049 1171 3122 demones

158 3177 271 3272 rugire
289 3178 491 3254 eruciatibus
510 3185 641 3256 etanta
660 3167 813 3278 sepulcra
831 3185 1019 3256 sanatorum
1043 3183 1171 3256 ululare

159 3311 308 3386 homines
321 3334 410 3388 more
423 3315 587 3408 luporum,
604 3316 736 3390 roribus
750 3318 872 3390 latrare
887 3339 1018 3406 oenum,
1033 3316 1171 3389 fremere

159 3445 307 3535 leonum,
334 3445 469 3521 sibilare
487 3453 697 3543 serpentum,
724 3449 853 3546 mugire
872 3453 1059 3538 taurorum,
1087 3448 1171 3522 alios

158 3579 267 3652 rotare
286 3581 385 3672 eaput
399 3583 433 3656 et
447 3584 521 3674 post
535 3588 668 3678 tergum
681 3583 804 3658 vertite
816 3563 967 3678 tangere,
983 3581 1169 3676 suspensis-

160 3733 223 3804 que
235 3713 319 3806 pede
337 3713 481 3787 foeminis
494 3717 764 3791 uestes'defluere
777 3717 812 3790 in
826 3717 954 3791 faeiem.
988 3716 1169 3791 Miseraba-
1306 3716 1309 3724 '
