2986 4700
168 435 171 442 ⁴
320 445 359 506 28

390 635 590 712 Celebriores
615 637 686 708 tres
712 636 792 708 sunt
820 636 987 728 port-nrum
1016 633 1143 708 exitus:
1172 655 1257 708 anns
1285 637 1340 710 ab
1471 682 1478 785 ι

317 791 445 860 oooasu,
464 770 552 843 alter
569 770 611 843 ab
629 767 765 858 oriente,
786 766 906 841 tertius
925 789 946 840 a
964 767 1219 861 septentrionali
1233 771 1338 862 pme

318 903 422 979 urbis.
458 891 491 940 ·’

387 1035 536 1110 Primum
567 1036 608 1109 de
638 1032 719 1108 loois
754 1032 892 1108 sanetis.
949 1035 1013 1107 Pro
1041 1033 1225 1109 eonditione
1251 1035 1333 1130 pla·
1480 1023 1481 1036 '

317 1172 447 1244 tearum
466 1168 695 1244 divertendum
714 1170 766 1241 est
784 1166 827 1240 ad
839 1166 1025 1258 basilicam,
1046 1189 1118 1260 quaa
1131 1167 1334 1262 martyrium

318 1303 529 1397 appellatur,
567 1324 587 1375 a
619 1300 833 1376 Constantino
864 1321 985 1394 magno
1016 1301 1110 1374 onitu
1142 1303 1329 1398 exstrnota.

316 1435 445 1511 Dehine
468 1434 666 1510 cohaerentia
690 1435 732 1509 ab
757 1450 875 1509 oooasn
899 1433 1015 1507 insunt
1036 1433 1199 1526 Golpotta
1224 1437 1332 1527 atque

317 1569 500 1658 anastasis;
520 1569 578 1643 sed
590 1566 757 1645 anastasis
770 1566 806 1640 in
819 1568 890 1642 looo
904 1570 957 1642 est
970 1565 1229 1656 resurreetionis,
1246 1565 1329 1641 tiol-

316 1704 420 1799 gotha
449 1723 543 1794 voro,
571 1700 698 1776 medius
725 1699 813 1774 inter
837 1699 1021 1777 anastasim
1048 1721 1087 1774 ao
1118 1699 1330 1794 martyrium,
1480 1771 1481 1800 p

261 1919 264 1926 .
316 1837 407 1909 loeus
425 1837 477 1908 ast
495 1832 664 1908 dominica
682 1832 863 1929 passionis:
888 1832 924 1906 in
944 1855 1009 1926 quo
1028 1833 1129 1908 etiam
1147 1855 1247 1927 rupes
1265 1855 1329 1929 ap·

315 1970 430 2063 paret,
459 1989 532 2061 qua
557 1965 721 2060 qnondam
744 1967 871 2061 ipsam,
896 1966 1000 2041 affixo
1025 1967 1158 2042 Domini
1182 1987 1327 2061 empore,

318 2122 447 2176 oruoem
465 2100 616 2196 pertulit.
655 2099 768 2194 Atque
786 2102 856 2174 haeo
874 2103 947 2175 tum
970 2103 1068 2176 extra
1084 2103 1228 2175 montem
1247 2098 1328 2176 Sion

316 2235 425 2332 posita
444 2237 642 2326 cernuntur,
672 2256 735 2328 quo
761 2256 797 2310 se
821 2234 864 2307 ad
882 2233 1071 2328 aquilonem
1089 2232 1244 2308 definiens
1262 2231 1328 2308 looi

315 2371 424 2441 tumor
441 2367 592 2462 porrigit.

386 2502 566 2594 Templum
584 2523 675 2592 vero,
702 2501 738 2574 in
756 2501 907 2579 inferiori·
928 2503 1023 2596 parte
1041 2500 1133 2574 urbis
1151 2500 1187 2574 in
1205 2499 1327 2575 rioinia

316 2635 403 2718 muri
430 2637 472 2708 ab
499 2633 623 2708 oriente
649 2635 794 2708 looatnm
821 2633 1063 2729 magnificeque
1088 2637 1325 2726 oonstrnotnm,

316 2767 480 2860 qnondam
506 2746 704 2840 ¹miraonlnm
732 2767 814 2857 fuit,
842 2789 884 2841 ex
913 2789 976 2860 quo
1003 2767 1142 2862 parietis
1169 2768 1268 2842 nnius
1290 2767 1327 2842 in

315 2898 420 2974 ruinis
447 2901 595 2992 quaedam
622 2899 723 2993 pinna
750 2903 820 2974 stat
846 2923 947 2995 super
971 2901 1109 2994 reliquis
1137 2902 1179 2974 ad
1206 2902 1326 2975 frinde-

222 3099 224 3108 1
315 3035 429 3112 menta
447 3055 553 3125 usqne
568 3033 756 3108 destruetis.
791 3036 910 3108 Panoae
924 3033 995 3108 iilie
1010 3035 1160 3108 cisternas
1178 3034 1215 3109 in
1228 3057 1326 3108 usum

317 3187 478 3259 aquarum
504 3169 722 3242 ostenduntur
747 3167 783 3241 in
809 3190 847 3242 ea
873 3171 968 3262 parte
995 3165 1158 3258 trinitatis,
1186 3191 1258 3261 qua
1283 3169 1326 3242 ad

316 3299 574 3392 septentrionem
592 3300 627 3372 in
646 3301 768 3378 vieinia
785 3301 904 3396 templi
922 3300 1123 3376 extenditur.

337 3439 338 3442 ‘
387 3433 555 3507 Betteeoto
571 3434 702 3528 gemino
721 3439 861 3530 apparet
879 3435 1023 3530 insignis
1042 3438 1132 3510 laon:
1159 3435 1245 3508 alter
1270 3433 1324 3506 hi-

316 3566 427 3641 bernis
444 3567 639 3660 plerumque
656 3567 815 3662 impletur
832 3569 1011 3659 imbribus,
1037 3571 1123 3643 alter
1145 3567 1253 3642 rubris
1272 3570 1326 3642 est

316 3699 577 3794 disooloraquis.
837 3709 840 3716 '
