2986 4700
300 388 340 448 20

300 579 392 654 arida
417 578 618 672 possessione
643 580 834 672 susceperat
858 582 893 653 et
917 601 1057 672 quarum
1081 579 1185 654 duotn
1206 578 1310 655 monos

299 695 1309 808 priorisinstnumonti·agrosfaoiehatirriguosmtralemptio·

299 849 539 922 namnetorum
557 850 766 941 peecatorum
791 845 825 920 in
848 845 944 939 aquis
962 845 1121 939 baptismi
1137 847 1306 940 reperiret.
1396 909 1399 914 .

372 980 405 1055 G.
419 981 502 1054 ΧΗ.
530 979 646 1054 Altero
664 979 728 1072 dis,
747 981 903 1074 artatam
922 980 1002 1070 sole,
1022 979 1120 1054 stetit
1137 979 1174 1054 in
1191 1001 1309 1074 super·

287 1093 374 1187 'silio
392 1113 706 1207 CaptorBooaeho,
729 1112 828 1188 idest
847 1113 935 1188 villa
949 1111 1196 1205 benedietiouis,
1212 1135 1310 1207 quem

300 1246 343 1320 ad
367 1247 475 1320 looum
498 1246 668 1320 Abraham
686 1246 863 1322 Dominum
887 1248 1078 1340 prosecutus
1103 1225 1167 1321 est.
1212 1246 1310 1320 Unde

299 1382 405 1455 latam
423 1378 604 1475 despiciens
631 1379 841 1456 solitudinem
866 1400 904 1454 ae
922 1381 1046 1455 temam
1068 1380 1230 1472 quondam
1249 1379 1308 1457 sn-

300 1515 401 1588 doma
414 1513 641 1603 atltomorrae,
659 1513 795 1588 Adana
813 1515 848 1586 et
862 1511 1004 1604 seboim,
1024 1513 1246 1607 eontemplate
1259 1515 1310 1588 ost

299 1649 431 1722 hortum
448 1647 590 1723 balsami
609 1649 644 1720 et
661 1645 775 1720 vineas
793 1645 829 1720 in
849 1647 1031 1740 Eopoddi,
1046 1649 1080 1721 et
1098 1647 1202 1740 Sopor
1218 1645 1309 1720 vitu·
1328 1699 1332 1704 -
1469 1619 1470 1644 Ὺ

298 1782 368 1854 lam
393 1781 656 1869 ooutamantem‚
686 1801 758 1871 qua
783 1779 875 1872 prius
899 1780 985 1854 Bela
1010 1782 1189 1856 venabatur
1214 1781 1249 1854 et
1273 1778 1310 1853 iu

300 1918 449 2003 Zoaram,
468 1913 503 1986 id
522 1915 575 1986 est
592 1884 783 2006 parvulam,
804 1935 878 2006 syro
896 1935 1043 1987 sermone
1062 1915 1226 1988 translata
1244 1916 1308 1988 est.

300 2047 547 2122 Recordabatur
572 2047 744 2140 spelunea·
760 2047 849 2120 Loth
873 2049 924 2136 et,
951 2069 1045 2120 versa
1069 2047 1104 2121 in
1132 2049 1310 2146 lacrymas,

300 2179 445 2276 uirgines
471 2179 575 2256 sosias
599 2179 796 2254 admonebat
822 2179 1002 2254 cauendum
1027 2201 1098 2254 esse
1115 2180 1248 2270 vinum,
1273 2181 1311 2254 in

300 2336 363 2407 quo
381 2315 433 2387 est
450 2313 603 2410 luxuria:
624 2316 723 2407 aujns
750 2336 831 2407 opus
856 2308 1007 2388 moabite
1036 2316 1115 2388 sunt
1133 2317 1168 2388 et
1186 2333 1310 2388 ammo·

299 2448 390 2522 niteo.
442 2447 510 2522 Diu
535 2449 641 2522 harae
665 2448 701 2521 in
725 2446 880 2538 monilia,
910 2447 976 2522 ubi
992 2470 1112 2541 sponsa
1135 2450 1311 2522 subantem

299 2581 423 2676 reperit
448 2602 603 2676 sponsum
627 2583 662 2654 et
680 2582 803 2674 loseph
821 2580 1005 2656 inehuiatus
1030 2583 1082 2656 est
1099 2602 1173 2655 aum
1195 2580 1310 2655 hatri-

255 2723 257 2728 ’
300 2719 362 2790 bus
381 2715 461 2788 suis.
855 2713 858 2717 ’

372 2847 405 2922 O.
427 2850 527 2928 XIII.
574 2849 737 2922 Revenmr
761 2837 1022 2941 Hierosolymam
1049 2869 1108 2940 per
1135 2848 1312 2922 Theseum
1469 2939 1470 2948 ἶ

301 2982 401 3075 atque
414 2981 538 3086 ¹Amos,
564 2980 759 3076 rutilantem
785 2983 908 3055 amatis
932 2981 1054 3054 Oltueta'
1074 3003 1200 3054 ornnem
1219 2981 1310 3075 aspi·
1375 3029 1377 3034 -
1469 3061 1470 3070 χ

252 3169 254 3174 -
301 3114 396 3205 eiam,
416 3116 456 3190 de
475 3137 538 3208 quo
556 3103 700 3189 saluatur
717 3115 865 3190 aseendit
883 3114 924 3188 ad
942 3117 1086 3208 patrem:
1114 3115 1150 3188 in
1170 3135 1233 3214 quo
1247 3135 1311 3208 per
1469 3171 1470 3216 p

301 3269 402 3322 anuos
435 3248 595 3342 singulos¹
615 3269 713 3322 vanua
744 3249 819 3322 rufa
851 3247 886 3321 iu
918 3249 1146 3322 holocaustum
1171 3247 1310 3322 Domino
1469 3219 1470 3284 3

301 3383 524 3472 cremabatur,
551 3384 586 3456 et
610 3384 702 3474 eujus
728 3381 810 3455 einis
828 3381 986 3475 expiebat
1010 3383 1168 3475 populum
1186 3383 1306 3454 Israel:

252 3610 254 3615 .
300 3513 335 3588 in
355 3537 428 3606 quo,
446 3517 546 3608 juxta
563 3515 787 3606 Ezechielem,
808 3514 981 3589 (thanniim
1000 3515 1039 3587 de
1058 3516 1180 3608 templo
1193 3516 1308 3616 ¹trans-

300 3647 483 3763 migrantes
492 3649 659 3738 eeclesiam
668 3648 800 3723 Domini
810 3649 1041 3722 fundaverunt.
1072 3650 1151 3724 Post
1161 3647 1309 3742 ingressa
