2986 4700
185 383 358 496 ¹dd

317 631 371 702 θεῖ
395 629 509 701 statua
527 603 659 700 Domini
685 631 793 702 ereata
817 627 853 700 in
876 625 1031 717 eeclesia,
1059 649 1159 720 quam
1185 626 1334 701 Mariosa

317 761 407 834 feeit.
446 762 495 834 De
514 763 643 854 septem
661 761 808 841 fontibus
825 782 932 853 usque
949 759 985 832 in
1002 760 1232 854 Gaphamaum
1249 759 1332 834 mil-

317 895 365 968 lia
389 895 437 967 ΙΙ.
482 895 532 967 De
556 894 746 988 capharnao
770 917 875 986 usque
901 893 1117 968 Bethsaidam
1141 893 1249 968 millia
1266 895 1330 968 VI.

317 1027 401 1101 Inde
426 1026 500 1100 nati
526 1030 605 1100 sunt
630 1025 768 1120 apostoli
794 1029 930 1116 Petrus,
955 1026 1124 1120 Andreas,
1150 1027 1333 1121 Philippus

318 1165 354 1234 et
371 1159 435 1233 filii
453 1159 614 1234 Zebedaei.

390 1294 452 1367 29.
486 1295 537 1367 De
549 1293 735 1367 Bethsaida
753 1315 857 1386 usque
875 1291 910 1365 in
925 1293 1115 1366 Paneadam
1129 1291 1237 1366 millia
1250 1294 1328 1367 XL.

317 1427 400 1501 Inde
417 1407 490 1500 exit
507 1427 661 1502 Jordanis
679 1428 720 1501 do
738 1427 864 1502 duobus
883 1428 978 1502 loeis:
1007 1427 1065 1502 dor
1086 1429 1122 1500 at
1139 1429 1223 1501 Dan.
1261 1429 1330 1503 Par

317 1560 425 1654 ipsam
449 1561 638 1634 Panoadam
663 1560 699 1634 in
723 1560 829 1634 madio
853 1582 959 1653 aquas
982 1557 1124 1634 mittunt
1149 1563 1184 1634 et
1210 1562 1330 1634 subtus

318 1693 455 1768 eivitate
463 1675 804 1787 oonjmotiapparemt.
817 1692 1325 1787 Indeaoeapitnomendordanis.

318 1825 371 1918 Ibi
389 1826 492 1902 habet
511 1828 612 1918 eaput
629 1847 723 1900 mons
742 1825 901 1900 Libanus.

393 1959 454 2032 30.
491 1957 643 2053 Sarapha
662 1957 815 2050 Sidonia,
836 1959 921 2052 qued
939 1959 1111 2053 seriptum,
1132 1963 1184 2034 ost
1201 1959 1237 2032 in
1254 1959 1329 2054 ipsa

318 2091 501 2168 Phoenieia.
533 2091 684 2168 Secunda
705 2091 802 2187 Syria
820 2095 921 2188 juxta
935 2092 1119 2166 Carmelum
1134 2095 1207 2166 XII
1220 2093 1327 2168 millia

318 2205 431 2300 habet.
472 2228 522 2330 De
542 2225 692 2320 Sarapha
711 2225 814 2320 usque
832 2227 867 2300 in
887 2225 1041 2302 Sidonem
1054 2221 1074 2262 *
1084 2220 1112 2300 *.
1135 2227 1179 2299 m
1197 2231 1328 2320 proptor

318 2361 379 2432 hoa
404 2357 492 2434 dieta
518 2363 570 2444 ast
588 2358 777 2454 sarephtha
796 2359 956 2450 Sidonia,
985 2359 1063 2454 quia
1088 2359 1159 2460 ipso
1181 2364 1328 2454 tempore

319 2493 507 2588 metropolis
522 2496 595 2566 orat
610 2485 747 2581 Sidona·;
768 2496 804 2566 at
822 2494 918 2574 modo·
929 2494 1126 2587 Sarephtha
1137 2497 1188 2566 est
1206 2497 1328 2568 metro·

319 2625 418 2720 polis:
438 2625 496 2699 ubi
516 2629 652 2699 sanetus
664 2625 783 2700 Helias
802 2626 923 2699 missos
943 2625 1053 2700 estad
1070 2628 1203 2701 videam
1221 2626 1327 2716 illam,

319 2781 393 2850 quea
412 2779 486 2831 eum
500 2767 661 2852 pasceret,
682 2762 716 2832 et
729 2759 837 2832 filium
852 2763 923 2852 ojus
939 2761 1123 2835 suscitavit.
1159 2741 1211 2834 Ibi
1225 2761 1328 2835 eoele-

319 2889 371 2964 sia
389 2890 496 2964 saneti
515 2891 621 2965 Helia
641 2895 709 2980 est;
735 2913 813 2966 marm
836 2894 966 2968 nomine
984 2895 1104 2968 mulier
1121 2917 1185 2968 non
1209 2893 1330 2968 dieitur

318 3021 384 3098 nisi
403 3025 631 3101 tantummodo
650 3025 759 3103 vidua.
