3020 4710
220 446 347 512 ,92

304 636 461 703 veniemus
478 631 686 715 Genezar'eth,
712 634 745 698 et
766 634 804 699 de
829 633 962 718 quinque
986 636 1018 700 ot
1040 637 1159 719 septem
1182 636 1314 719 panibus
1423 705 1426 711 ,

302 751 476 818 ridebimus
497 751 530 814 in
554 749 675 814 deserto
691 750 825 833 quinquo
841 751 874 814 et
889 751 1022 833 quatuor
1039 751 1201 817 hominum
1215 751 1315 817 millia

303 868 455 933 saturata.
481 864 651 948 Apparebit
665 864 812 948 oppidum
824 865 928 943 Neine,
946 865 979 930 in
995 867 1082 950 cujus
1097 866 1196 950 portis
1213 867 1314 934 vidue

303 983 386 1048 filius
409 979 578 1046 suscitatus
601 983 659 1045 est.
692 980 858 1046 videbitur
881 981 1124 1047 etHermoniim
1147 983 1178 1048 et
1193 984 1315 1049 torrem

304 1097 421 1176 Endon,
444 1096 478 1161 in
498 1115 557 1180 quo
573 1097 735 1179 superatus
752 1097 801 1160 est
817 1095 931 1162 Sisara.
964 1095 1180 1178 ecphernaum
1196 1115 1316 1180 qnoque

303 1212 462 1296 signorum
478 1211 605 1277 Domini
619 1211 788 1291 familiare,
810 1213 842 1276 et
856 1211 956 1276 omnis
969 1211 1089 1294 pariter
1104 1210 1234 1288 Galilaea
1249 1231 1316 1278 cer·

303 1330 403 1394 netur.
434 1329 476 1393 Et
492 1330 579 1408 tunc,
598 1327 767 1393 comitante
784 1326 922 1427 Christo,
947 1347 1042 1411 quum
1057 1347 1112 1411 per
1128 1327 1192 1394 Silo
1207 1329 1240 1393 et
1254 1328 1316 1394 Be·

302 1444 369 1510 thel
383 1445 416 1509 et
431 1445 543 1508 caetera
556 1444 634 1523 loca,
650 1443 684 1508 in
696 1443 808 1526 quibus
820 1443 967 1521 ecclesie,
987 1443 1078 1526 quasi
1093 1443 1235 1528 quedam
1251 1443 1317 1510 vic-

166 1577 167 1580 ’
302 1560 454 1625 toriarum
461 1558 596 1637 Domini,
609 1559 683 1624 sunt
694 1559 798 1624 erecta
807 1558 929 1637 vexilla,
942 1558 982 1623 ed
990 1559 1129 1624 nostram
1138 1559 1317 1641 speluncam

303 1675 497 1752 redierimus,
517 1692 661 1739 canemus
674 1673 803 1758 jugiter,
816 1673 922 1739 crebro
934 1674 1088 1752 flebimus,
1107 1673 1317 1740 indesinenter

304 1789 470 1855 orabimus.
495 1789 604 1854 Dieres
620 1788 886 1854 einladechreiben
901 1789 957 1854 het
973 1788 1084 1854 darum
1099 1790 1188 1854 einen
1203 1789 1317 1855 beson-

304 1905 379 1970 dern
394 1905 504 1982 worth,
521 1903 591 1969 weil
606 1922 638 1968 es
657 1903 726 1970 eine
741 1903 836 1970 kruze
851 1903 1015 1989 anleitung
1029 1923 1100 1970 zum
1116 1906 1248 1971 besuche
1264 1905 1318 1971 der

302 2019 374 2086 heil.
389 2021 510 2085 stetten
526 2020 658 2099 enthelt,
675 2020 788 2085 welche
802 2019 863 2086 mit
879 2021 933 2085 der
948 2021 1137 2106 wanderung
1153 2021 1207 2087 der
1217 2021 1318 2086 Paula
1451 2101 1453 2107 ,

306 2135 483 2221 verglichen
498 2156 536 2200 nu
552 2136 675 2201 werden
691 2135 840 2201 verdient.

379 2253 438 2316 Die
463 2251 672 2336 peregrinatio
700 2271 724 2316 s.
748 2252 854 2316 Paulae
875 2252 979 2317 wurde
1001 2251 1105 2318 bisher
1127 2253 1219 2322 anter
1246 2252 1318 2318 dem

304 2368 377 2433 titel
401 2367 607 2450 Epitaphium·
627 2387 651 2432 s.
668 2367 776 2432 Penlae
800 2367 989 2451 angelrihrt.·
1016 2368 1054 2432 In
1078 2368 1131 2432 der
1144 2367 1320 2433 Inlmnabel

304 2483 347 2548 ist
363 2483 415 2548 der
430 2483 520 2563 brief,
537 2483 583 2548 als
599 2483 652 2548 der
670 2484 732 2564 72,
749 2482 1001 2548 ibersehrieben:
1025 2481 1118 2547 Beati
1133 2481 1318 2566 Hieronymi

304 2590 478 2684 presbyteri
499 2599 533 2662 in
549 2599 660 2678 vitam,
686 2598 806 2664 obitum
828 2617 864 2664 ac
880 2585 929 2664 res
945 2600 1051 2682 gestes
1067 2599 1183 2677 Pede,
1201 2599 1317 2664 senctae

305 2733 341 2779 ac
362 2714 556 2779 admirabilis
580 2714 716 2792 feminae,
741 2715 827 2800 cujus
850 2714 972 2798 generis
995 2713 1182 2796 dignitatem
1201 2713 1318 2796 etpost

306 2830 366 2896 viri
382 2829 503 2894 obitum
517 2829 723 2894 monasticam
738 2829 1018 2924 conversationem,
1044 2829 1247 2894 desertionem
1262 2847 1318 2912 pe·

304 2945 394 3023 trice,
411 2944 633 3028 profectionem
648 2944 872 3029 Hierosolyma
895 2945 1019 3030 magnis
1039 2945 1129 3010 effert
1143 2943 1316 3027 praeconiis,

305 3067 448 3127 cenetam
463 3063 532 3146 ejus
541 3063 834 3146 pcrepre'oatc'oacm
842 3083 906 3144 per
920 3061 987 3126 loce
1001 3067 1112 3126 coacto
1127 3059 1315 3140 describent,

306 3176 415 3242 deinde
426 3177 523 3260 ipsius
534 3177 756 3257 humilitatem,
774 3176 1007 3256 continentiam,
1023 3175 1229 3257 clementiam,
1246 3194 1318 3258 pro-

305 3291 407 3358 fusam
422 3294 455 3356 in
468 3312 617 3376 pauperes
631 3292 876 3370 beneficentiam,
893 3290 1080 3374 patientiam
1092 3289 1315 3372 incredibilem,

305 3407 536 3474 institutionem
547 3411 578 3474 et
590 3407 932 3488 ordinem'monesterii,
949 3407 1207 3490 hospitalitatem,
1222 3405 1318 3472 fidem

307 3525 339 3589 et
355 3523 563 3588 constantiam
579 3525 726 3590 adversus
742 3523 918 3603 haereticos,
943 3522 983 3587 ed
1005 3524 1176 3588 extremum
1195 3521 1319 3587 felicem

307 3637 423 3704 exitum
449 3638 514 3721 ejus
540 3639 571 3704 et
597 3639 630 3703 in
658 3639 792 3722 exequiis
816 3639 996 3704 sanctorum
1018 3655 1201 3704 concursum
1223 3637 1318 3719 atque

306 3753 514 3838 frequentiam
540 3767 656 3820 narrat.
699 3754 774 3819 Dies
800 3754 844 3820 ist
871 3754 938 3820 eine
963 3753 1158 3819 umfassende
1184 3752 1319 3818 inhelts-
