2986 4700
815 1174 855 1258 il.

383 1333 415 1420 S.
429 1335 554 1420 Pania
573 1335 819 1440 peregrinatio
838 1338 988 1419 anetore
1008 1331 1040 1418 d.
1055 1333 1281 1438 Hieronymo.
1336 1318 1340 1324 ’

401 1552 435 1628 G.
456 1553 486 1627 1.
529 1552 638 1646 Quum
669 1551 804 1627 orientis
835 1554 870 1626 et
900 1550 1075 1626 oeoidontis
1106 1550 1270 1645 episeopos
1300 1554 1343 1626 ob

329 1687 487 1780 quasdam
512 1685 722 1759 eeclesiarum
747 1683 963 1759 dissensiones
988 1685 1129 1760 Romam
1155 1682 1343 1778 imperiales

328 1820 450 1893 littera
464 1817 716 1908 eonbaxissent,
737 1817 822 1892 vidit
836 1817 1047 1892 admirabiles
1060 1816 1343 1910 uirosdhristiqne

329 1952 514 2047 pontifices,
534 1951 730 2042 Paulinum,
750 1951 952 2026 antioehenae
968 1950 1060 2025 urbis
1078 1949 1278 2045 episcopum,
1308 1953 1343 2024 et
1472 1961 1473 1970 ’

328 2084 553 2179 Epiphaniam
581 2084 758 2161 Salamiua
786 2085 898 2179 Cypri,
932 2107 1004 2178 quea
1036 2106 1124 2158 nuno
1151 2083 1343 2160 Constantio

328 2219 464 2293 dieitur:
490 2241 626 2312 quornm
645 2218 869 2314 Epiphaniam
895 2218 996 2293 etiam
1022 2218 1185 2312 hospitem
1210 2216 1340 2308 habuit,

328 2352 522 2444 Paulinum,
543 2353 578 2428 iu
597 2353 707 2429 aliena
729 2356 917 2429 manentem
936 2353 1043 2445 domo,
1062 2351 1157 2446 qnasi
1176 2351 1342 2446 propriruu
1473 2322 1474 2394 ἶ

328 2487 537 2560 humanitate
560 2487 713 2580 possedit.
762 2487 903 2580 Quorum
930 2508 1064 2562 aomusa
1086 2485 1267 2562 mrtntibus
1284 2507 1342 2580 per

328 2622 493 2694 momenta
507 2620 650 2714 patriam
665 2621 810 2694 deserere
826 2620 1003 2730 cogitabat.
1038 2621 1113 2696 Non
1132 2621 1256 2711 domus,
1277 2641 1341 2694 non

327 2753 518 2844 liberorum,
545 2753 786 2844 nontermino,
814 2775 879 2828 mou
903 2753 1158 2848 possessionum,
1186 2743 1260 2828 nen'
1277 2753 1340 2828 ali·

328 2884 423 2978 orpus
440 2885 505 2976 rei,
531 2909 603 2979 qua
620 2887 663 2961 ad
681 2888 835 2961 menium
854 2887 1014 2981 pertinet,
1040 2909 1178 2977 memor,
1204 2888 1288 2977 sela,
1312 2885 1341 2961 si

328 3018 392 3093 diei
405 3022 525 3114 potest,
541 3023 575 3094 et
588 3019 780 3096 indemitate
794 3021 836 3098 ad
853 3042 997 3096 eremum
1011 3019 1229 3096 Antoniorum
1242 3021 1341 3112 atque

328 3155 507 3227 Paulorum
525 3175 660 3249 pergere
678 3153 852 3250 gestiebat.

400 3287 503 3372 0211.
556 3288 765 3380 Tandemque
796 3290 913 3362 exaeta
943 3287 1067 3378 hieme,
1100 3288 1212 3380 aperte
1243 3285 1339 3378 mari,

326 3419 540 3494 redeuntibus
554 3421 597 3495 ad
611 3421 764 3496 ecelesias
778 3443 854 3496 snas
868 3419 1036 3515 episeopis,
1052 3423 1086 3495 et
1098 3420 1172 3513 ipsa
1179 3422 1253 3494 roto
1267 3440 1342 3494 eum

327 3551 376 3626 eis
394 3573 433 3628 ae
452 3552 609 3628 desiderio
627 3554 811 3650 navigavit.
846 3552 932 3648 Quid
946 3555 1036 3629 ultra
1049 3554 1180 3628 differet
1197 3555 1339 3629 Desoen·

328 3686 378 3761 dit
396 3688 438 3761 ad
456 3691 602 3782 portum,
623 3688 736 3780 trabe,
749 3687 915 3784 ,pegmatis
936 3687 1095 3764 affinibus
1112 3691 1165 3778 et,
1184 3687 1269 3780 quod
1286 3686 1340 3761 his
