2986 4700
320 447 361 511 88

320 637 540 714 Hermonirm:
568 659 660 712 mons
679 637 785 711 Tabor
809 637 844 710 in
863 636 1002 712 Galilaa
1027 643 1093 713 ost:
1122 639 1169 714 ibi
1195 643 1336 714 sanctus

320 773 439 849 Helias
465 774 582 866 raptus
609 774 670 846 ost.
719 771 812 845 Oinoa
837 771 1013 846 Jordanom
1042 771 1224 847 montioolli
1251 776 1336 848 sunt

321 904 439 998 multi,
466 909 501 980 ot
527 903 656 998 quando
674 903 833 978 Dominus
859 905 901 977 ad
926 905 1127 998 baptismum
1145 905 1333 997 doooondit,

321 1041 386 1135 ipsi
399 1043 525 1114 montos
540 1040 618 1112 anto
632 1037 741 1131 ipsum
755 1039 972 1112 ambulabant
985 1037 1167 1134 gestiendo,
1184 1042 1220 1114 ot
1233 1037 1334 1114 hodio

322 1175 415 1248 uolut
433 1173 596 1246 saltantas
617 1170 778 1244 uidentur.

396 1307 455 1380 18.
494 1304 548 1380 Ab
574 1305 661 1380 undo
678 1304 837 1379 Dominus
862 1304 1053 1399 baptizatus
1077 1308 1130 1380 ost
1150 1327 1255 1400 usquo
1272 1305 1334 1380 ubi

322 1439 476 1516 Jordanis
492 1439 529 1513 in
542 1459 633 1512 maro
645 1439 811 1512 Mortuum
824 1437 939 1526 intrat,
958 1441 1038 1512 sunt
1050 1439 1158 1514 millia
1171 1437 1334 1532 quinquo.

322 1575 368 1649 Et
384 1574 495 1669 ipsum
512 1575 564 1646 ost
581 1593 672 1646 maro
690 1573 867 1662 Mortumn
887 1569 946 1645 ubi
964 1569 1104 1647 Sodoma
1121 1573 1156 1646 at
1174 1570 1336 1646 Gomorra

322 1708 542 1782 dimerserunt
565 1725 639 1779 onm
662 1703 740 1778 aliis
761 1703 884 1795 tribus,
912 1704 991 1798 quia
1015 1703 1160 1798 quinquo
1178 1703 1337 1778 oiritatos

323 1843 459 1915 fuorunt
473 1840 572 1932 juxta
589 1859 679 1912 maro
692 1837 868 1912 Mortuum.
902 1837 956 1912 Ibi
973 1841 1026 1912 ost
1040 1859 1125 1922 ¹uxor
1137 1839 1238 1928 Loth,
1258 1859 1334 1932 qua

323 1975 414 2050 faota
432 1975 485 2046 ost
502 1973 615 2046 statua
633 1969 723 2062 salis,
743 1977 777 2045 ot
796 1971 954 2064 quomodo
972 1970 1089 2044 oroooit
1102 1973 1193 2060 luna,
1214 1970 1336 2046 orosoit

323 2110 359 2183 ot
372 2106 456 2202 ipsa,
477 2108 512 2180 ot
528 2104 683 2198 quomodo
697 2104 860 2178 minuitur
873 2105 967 2195 luna,
985 2103 1182 2178 diminuitur
1196 2107 1231 2178 ot
1243 2104 1331 2198 ipsa.
1478 2103 1479 2112 ’

397 2241 457 2314 19.
498 2238 622 2313 Ciuitas
645 2237 784 2312 Liviada
811 2241 905 2312 trans
933 2239 1110 2313 Jordanon
1137 2238 1264 2345 habons
1290 2239 1334 2312 do

324 2373 479 2448 Hiericho
497 2373 603 2446 millia
616 2374 698 2447 ΧΠ.
736 2373 778 2445 In
796 2371 871 2467 ipsa
889 2371 1027 2445 Liuiada
1041 2373 1168 2465 Moyseo
1186 2371 1333 2466 lapidem

323 2507 363 2581 do
388 2505 483 2602 uirga
506 2505 688 2600 parousoit,
714 2508 748 2578 ot
772 2507 942 2580 fluxorunt
967 2527 1072 2599 aqua.
1119 2504 1202 2578 Inda
1228 2507 1335 2598 major

323 2661 412 2733 aqua
435 2639 523 2728 orit,
549 2661 621 2732 qua
644 2637 750 2731 ipsam
768 2637 942 2711 Liuiadam
960 2659 1088 2712 omnam
1110 2637 1241 2733 irrigat.
1278 2638 1334 2712 Ibi

323 2775 426 2846 habat
443 2773 609 2846 daotalum
627 2770 801 2844 Nioolaum
820 2772 988 2864 majoram.
1023 2771 1076 2845 Ibi
1094 2774 1129 2846 ot
1142 2772 1272 2865 Moyses
1290 2771 1334 2845 do

324 2907 441 2980 saoulo
458 2903 625 2979 transivit.
661 2904 706 2978 Et
722 2903 771 2977 ibi
788 2927 882 2996 aqua
897 2903 1114 2996 ualidorum,
1134 2903 1191 2978 ubi
1205 2905 1335 2999 Moyses
1476 2995 1477 3016 χ

323 3037 419 3130 lavit,
438 3041 473 3114 ot
491 3036 526 3112 in
545 3035 627 3132 ipsis
644 3036 741 3131 aquis
759 3036 875 3112 oalidis
893 3036 1012 3130 loprosi
1030 3041 1198 3112 ourantur.

396 3172 457 3248 20.
496 3171 559 3246 Est
576 3173 667 3246 loono
685 3170 784 3246 tortio
802 3170 957 3245 milliario
975 3171 1015 3245 do
1024 3171 1234 3246 Hierusalem
1250 3171 1334 3246 uiui·

324 3308 408 3396 tato,
427 3306 505 3380 dum
522 3304 652 3379 domina
669 3304 786 3396 Maria,
806 3306 914 3380 mator
931 3304 1073 3395 Domini,
1093 3303 1159 3378 irat
1176 3303 1334 3379 inBoth·

323 3438 425 3529 loom,
454 3437 621 3512 dasoundit
644 3437 685 3511 do
708 3436 818 3528 asina,
847 3442 883 3512 ot
907 3437 994 3511 sedit
1021 3459 1118 3530 sopor
1143 3441 1271 3531 petram
1297 3441 1334 3512 ot

324 3570 495 3648 benedixit
508 3593 591 3645 oam.
626 3569 781 3644 Urbioius
795 3570 966 3646 dicabatur
979 3569 1174 3665 praepooitus
1188 3569 1333 3664 imponi,

325 3704 382 3799 qui
401 3705 443 3780 ad
461 3707 588 3798 ooptam
607 3703 820 3798 imperatores
838 3703 1032 3798 propositus
1055 3703 1123 3777 fuit
1144 3707 1179 3778 ot
1197 3725 1333 3777 ooronas
