2986 4700
1190 459 1210 522 3

199 652 496 751 pseudopropheta,
514 677 680 748 qnemrex
691 654 968 744 seeumhabebat,
984 653 1208 728 manducaret.

199 791 245 862 ut
261 789 339 883 quia
353 790 509 864 seduotus
523 791 576 863 est
590 811 610 862 a
624 787 910 882 pseudopropheta
929 791 963 862 et
977 809 1051 860 oum
1064 808 1101 861 eo
1115 808 1209 860 man-

199 921 346 1013 duoauit,
365 922 507 996 redienti
517 921 835 1014 ooourritprophetae
849 921 900 994 leo
913 919 948 993 in
962 919 1027 1009 ria,
1044 923 1079 994 et
1092 918 1210 994 oooidit

200 1079 285 1130 eum.
323 1056 405 1130 Inde
419 1055 631 1130 Hierusalem
648 1054 733 1128 mill.
749 1055 832 1127 XII.
871 1053 929 1126 Fit
946 1054 1127 1128 adasarea
1142 1054 1209 1126 Pa·

199 1190 331 1263 lustina
348 1189 560 1264 Hierusalem
579 1211 685 1282 usque
702 1187 788 1263 mill.
804 1187 925 1277 CXVI,
944 1187 1129 1262 mansiones
1147 1187 1208 1277 IV,

198 1324 398 1398 mutationes
417 1325 477 1398 IV.

242 1609 301 1665 IV.
330 1609 563 1666 Hierusalem:
586 1606 744 1675 piseinee,
759 1604 960 1672 Bethsaida,
978 1607 1102 1674 crypta
1117 1606 1210 1663 Salo·

329 1715 456 1783 monis,
473 1715 581 1772 turris
598 1715 752 1781 excelsa,
767 1711 858 1781 lapis
874 1713 1098 1782 reprobatus,
1117 1713 1210 1782 pela-

331 1822 419 1879 tium
428 1822 630 1888 Salomonis,
640 1819 841 1888 exceptoria
852 1831 959 1888 aquae,
970 1820 1071 1876 loeus
1079 1817 1210 1888 templi,

331 1923 1209 1996 statuaeHadrianalupispertusus,domusnzeonioe.

271 2116 358 2194 Sunt
374 2119 411 2191 in
428 2119 640 2194 Hierusalem
657 2118 793 2213 pisoinae
811 2139 940 2212 magna
965 2117 1037 2190 dua
1057 2117 1100 2190 ad
1117 2118 1209 2191 latus

199 2250 337 2344 templi,
362 2251 398 2325 id
417 2252 486 2344 est,
512 2273 579 2326 una
598 2252 641 2325 ad
659 2251 849 2340 dexteram,
876 2249 944 2324 alia
965 2249 1008 2324 ad
1025 2248 1208 2341 sinistram,

199 2404 283 2476 quas
297 2381 452 2459 Salomon
469 2383 566 2472 foria
584 2382 726 2458 interius
740 2405 817 2457 uero
835 2381 871 2454 in
890 2381 1027 2457 diritate
1041 2384 1121 2458 sunt
1138 2382 1209 2476 pis·

198 2515 279 2596 aina
297 2519 506 2610 gemellares,
527 2516 673 2610 quinque
690 2516 837 2610 partious
855 2517 1035 2607 habentes,
1056 2537 1129 2609 qua
1148 2537 1208 2610 ap-

196 2650 369 2742 pellantur
399 2647 592 2724 Bethsaida.
644 2649 698 2724 Ibi
729 2649 810 2746 aegri
841 2651 1020 2724 multorum
1051 2671 1210 2724 annorum

197 2784 418 2874 sarabertum
443 2803 566 2878 aquam
584 2783 697 2858 autem
713 2783 841 2858 habent
858 2781 993 2878 piscina
1019 2782 1056 2856 in
1080 2782 1210 2857 modum

197 2914 284 2989 ooooi
301 2918 481 2992 turbatam.
529 2919 593 2991 Est
611 2916 711 2992 stibi
729 2921 864 3012 orppta,
890 2917 948 2992 ubi
967 2913 1121 2993 Salomon
1139 2915 1208 2990 dae·
1315 2972 1317 2976 2

197 3068 309 3122 mones
327 3051 515 3143 torquebat.
561 3051 607 3124 Et
624 3049 673 3124 ibi
690 3052 744 3124 est
761 3051 904 3146 angulus
922 3049 1025 3125 turris
1051 3048 1208 3124 excelsis·

197 3179 300 3272 sima,
319 3181 378 3256 ubi
394 3182 554 3257 Dominus
572 3182 734 3274 aseendit,
755 3186 790 3258 et
807 3183 895 3258 dixit
912 3182 955 3274 ei,
979 3182 1037 3276 qui
1054 3183 1210 3258 tentabat

198 3335 288 3388 eum:
315 3311 353 3390 si
376 3313 469 3390 filius
486 3315 550 3392 Dei
568 3328 620 3408 es‘,
647 3315 746 3392 mitte
769 3318 804 3392 te
830 3317 991 3393 deorsum.
1035 3316 1081 3392 Et
1104 3317 1155 3391 ait
1178 3315 1210 3391 ei

198 3448 373 3524 Dominus:
406 3449 481 3525 Non
505 3450 654 3526 tentaHs
678 3451 855 3526 Dominum
878 3453 986 3526 Deum
1011 3452 1126 3543 tuum,
1152 3449 1210 3527 sed

197 3581 250 3656 illi
268 3581 332 3657 soli
350 3581 484 3659 seruies.
531 3582 585 3658 Ibi
604 3584 657 3658 est
680 3583 769 3680 lapis
794 3584 965 3680 angularis
982 3605 1142 3680 magnus,
1169 3583 1210 3662 de

199 3737 263 3808 quo
282 3714 407 3790 dietum
426 3717 494 3792 ost:
520 3715 694 3812 Lapidem,
714 3739 813 3812 quern
829 3717 1089 3813 reprobaverunt
1105 3715 1208 3792 aedifi·

990 3836 1033 3904 1*
