2986 4700
1195 465 1214 527 5

250 665 310 721 VI.
342 663 440 731 Sion,
463 665 563 721 locus
587 665 710 722 domus
732 663 886 732 caipha,
909 661 1076 732 palatium
1095 659 1215 728 David,

340 783 549 838 synagoga.-

278 925 359 1000 Inda
378 926 492 999 oadsm
510 923 564 998 via
582 923 771 998 ascenditur
785 922 874 1015 Sion,
895 927 930 1014 θῖ
946 925 1054 1019 parat,
1074 924 1132 998 ubi
1149 924 1216 999 suit

73 1046 76 1050 ⁵
207 1061 321 1134 domus
340 1059 473 1152 caipha
491 1057 688 1148 sacerdotis,
715 1059 749 1132 θῖ
773 1059 924 1140 oolumna
949 1058 1057 1132 adhuo
1081 1057 1129 1132 ibi
1151 1060 1215 1149 θεῖ,

206 1193 242 1266 in
268 1215 334 1285 qua
359 1191 527 1266 Christum
553 1191 697 1286 flagellis
724 1191 922 1267 oooidorant.
968 1194 1065 1266 Intus
1091 1194 1214 1283 autom,

205 1325 295 1400 intra
313 1347 443 1398 murum
462 1322 557 1415 Sion,
584 1327 680 1419 parat
698 1327 806 1416 loous,
833 1325 891 1400 ubi
916 1326 1080 1420 palatium
1097 1324 1216 1400 habuit

205 1458 325 1533 David.
364 1459 417 1532 Ex
435 1457 563 1552 sapt'om
581 1458 777 1554 synagogis,
798 1482 870 1552 quaa
889 1459 959 1533 illio
977 1436 1129 1550 fuorunt,
1149 1481 1216 1533 una

205 1594 339 1667 tantum
356 1591 532 1680 remansit
555 1579 692 1685 reliqua
711 1594 823 1666 autom
842 1594 978 1666 arantur
996 1594 1031 1666 θῖ
1049 1591 1215 1666 seminan-

204 1727 282 1816 tur,
293 1725 381 1800 siout
398 1702 506 1800 Isaias
523 1727 686 1820 prophota
704 1725 801 1800 dixit.
889 1749 892 1753 ·

249 2015 323 2071 VII.
348 2015 454 2070 Porta
475 2012 714 2080 neapolitana,
736 2011 888 2080 parietes
910 2012 1066 2080 praetorii
1079 2012 1215 2080 vetoris,

218 2133 221 2138 ·
350 2118 538 2187 (turgotus,
565 2120 765 2204 seprutorum
787 2117 939 2185 Domini,
962 2118 1108 2175 basilios
1130 2120 1216 2176 con·

296 2219 299 2227 ’
351 2225 504 2282 stantini.

277 2391 359 2464 Indo
376 2394 417 2464 ut
435 2412 491 2464 aas
510 2389 596 2464 foras
613 2413 743 2464 murum
757 2389 797 2464 do
812 2388 902 2480 Sion,
922 2389 1014 2464 ounti
1032 2390 1074 2463 ad
1087 2391 1215 2484 portam

203 2521 451 2617 neapolitanam
478 2523 520 2597 ad
548 2525 680 2616 partam
698 2524 888 2614 dextoram,
908 2523 1057 2597 deorsum
1074 2523 1111 2598 in
1128 2524 1216 2618 ratio

204 2657 283 2730 sunt
301 2655 463 2750 parietas,
491 2656 548 2731 ubi
574 2657 690 2751 domus
713 2641 789 2732 fuit
804 2657 874 2732 sivo
899 2656 1089 2752 oratorium
1105 2657 1237 2744 Pontii,

204 2789 325 2862 Pilati:
345 2788 403 2863 ubi
421 2789 581 2864 Dominus
600 2790 733 2864 auditus
752 2793 815 2882 ost,
835 2794 1016 2884 antequam
1032 2791 1213 2885 patoretur.

205 2920 235 2996 Α
254 2922 392 2996 sinistra
410 2924 522 2996 autom
539 2925 635 3016 parto
654 2926 706 2998 ost
729 2923 929 2998 monticulus
949 2923 1131 3018 Gotgotha,
1158 2923 1216 2996 ubi

204 3054 363 3129 Dominus
378 3055 555 3129 oruoiiixus
570 3058 633 3130 θεῖ.
667 3054 749 3129 Indo
767 3057 863 3149 quasi
877 3057 918 3130 ad
936 3055 1058 3150 lapidis
1077 3055 1216 3129 missum

205 3189 258 3262 θεῖ
275 3190 406 3282 orypta,
426 3187 483 3261 nbi
501 3210 618 3282 corpus
637 3191 709 3280 ojus
727 3189 872 3282 positum
889 3187 971 3278 fuit,
995 3168 1033 3263 ot·
1046 3188 1145 3262 tortio
1162 3188 1221 3279 dio

206 3321 362 3394 surrexit.
400 3320 528 3394 midam
546 3320 638 3395 modo
661 3322 758 3414 jussu
776 3321 984 3396 Constantini
1007 3321 1215 3415 imperatoris·
1266 3401 1268 3407 k

205 3454 344 3528 basilica
363 3433 460 3528 iaota
472 3456 535 3544 ost,
554 3454 590 3527 id
608 3457 678 3546 ost,
704 3453 901 3530 dominicum
918 3455 1009 3530 mira
1027 3454 1214 3550 pulohritu·

205 3586 304 3678 dinis,
324 3589 451 3661 habens
470 3587 512 3660 ad
530 3588 620 3662 latus
640 3588 845 3683 exceptoria,
865 3589 951 3662 undo
968 3611 1055 3682 aqua
1072 3589 1214 3679 lavatur,

207 3722 242 3794 θῖ
260 3721 416 3794 balneum
434 3742 454 3794 a
473 3722 577 3837 torgo,
596 3723 654 3795 uti
671 3721 818 3795 infantes
836 3723 1002 3796 lavantur.
