2986 4700
308 435 360 500 '24

317 633 373 704 tur
398 627 545 704 omnium
568 629 618 714 et,
637 625 780 722 singulis
798 626 911 702 effusis
928 627 1095 722 lacrymis,
1115 625 1239 704 carnai
1256 626 1333 699 cle·

316 761 475 837 mantiam
492 759 741 854 deprecabatur.
775 760 821 834 Et
838 759 925 834 sicut
944 763 1016 836 erat
1033 760 1192 852 inualida,
1211 781 1330 836 aseen-

316 896 368 971 dit
384 893 523 988 pedibus
542 897 696 984 montem,
716 892 752 966 in
765 895 859 984 cnjus
877 893 1005 968 duabus
1017 894 1196 988 speluncis,
1214 915 1329 989 perse·

317 1026 458 1104 cutionIs
482 1029 517 1102 et
539 1026 639 1102 famis
663 1029 824 1120 tempore,
859 1025 986 1102 Abdias
1010 1029 1172 1123 propheta
1194 1030 1330 1102 centum

316 1161 496 1256 prophetas
514 1159 600 1234 aluit
617 1181 701 1254 pane
719 1163 754 1234 et
773 1181 871 1252 aqua.

389 1294 423 1370 0.
451 1294 565 1370 XVII.
613 1294 695 1368 Indo
722 1291 787 1368 cito
813 1292 930 1369 itinere
957 1293 1121 1389 percurrit
1145 1293 1331 1384 Ncacratb,

316 1427 519 1503 nutriculam
537 1425 686 1518 Domini,
708 1429 806 1502 Occu
822 1431 858 1501 et
878 1427 1137 1522 captantum,
1158 1427 1331 1523 signorum

316 1563 387 1656 eius
411 1561 609 1652 familiares,
635 1562 748 1636 bam
777 1561 971 1636 Tiberiadis
990 1560 1172 1656 navigante
1189 1559 1330 1634 Domino

316 1695 562 1770 sanctificatum
581 1695 616 1768 et
634 1693 857 1784 solitudinem,
876 1693 911 1766 in
931 1716 997 1788 qua
1015 1675 1122 1769 multa
1135 1697 1331 1788 populorum

316 1826 424 1900 millia
450 1823 563 1918 paucis
590 1828 740 1900 saturata
767 1830 846 1902 sunt
873 1826 1031 1919 panibus,
1059 1830 1094 1902 et
1120 1829 1161 1902 de
1177 1827 1331 1922 reliquiis

316 1958 519 2034 uescentium
551 1959 671 2052 repleti
703 1963 782 2035 sunt
813 1959 944 2052 cophini
976 1960 1145 2035 duodecim
1176 1961 1328 2036 tribuum

155 2161 157 2164 ,
316 2094 433 2190 lucer,
471 2089 659 2191 Scandebat
676 2101 821 2168 comem
842 2095 966 2183 Tuber,
990 2093 1026 2166 in
1052 2117 1117 2187 quo
1141 2095 1327 2189 transfigu-

316 2231 411 2302 ratus
428 2229 481 2302 ast
499 2225 674 2316 Dominus3
697 2227 879 2322 aspiciebat
897 2228 1010 2321 procul
1028 2230 1155 2301 montes
1169 2229 1328 2302 Hermon

265 2425 267 2430 .
316 2363 351 2435 et
364 2362 591 2452 Harmoniam,
612 2365 646 2436 et
664 2384 796 2457 campos
814 2361 994 2436 latissimos
1010 2359 1177 2450 Galilaeae,
1197 2361 1233 2434 in
1252 2360 1327 2454 qui-

315 2498 378 2568 bus
397 2493 510 2571 Sisara
528 2498 562 2569 et
581 2496 686 2569 omnis
708 2496 873 2569 exercitus
898 2500 988 2587 ejus,
1014 2495 1144 2568 Baraoh
1163 2495 1326 2584 nnana,

315 2631 501 2723 prostratus
521 2630 588 2701 est:
614 2636 744 2702 torreas
765 2629 883 2716 Oisoa,
910 2627 968 2720 qui
995 2627 1137 2701 mediam
1155 2626 1329 2721 planitiem
1354 2653 1364 2670 ·

316 2761 494 2850 dividebat,
515 2765 549 2834 et
567 2759 722 2852 oppidum
737 2761 837 2852 juxta
852 2761 970 2852 Nalm,
989 2761 1024 2834 in
1045 2783 1108 2854 quo
1127 2762 1234 2834 viduae
1253 2781 1326 2834 sus-

315 2893 439 2970 citatus
456 2895 506 2968 est
525 2892 627 2982 filius,
647 2895 903 2984 monstrabatur.

388 3027 422 3103 0.
443 3028 576 3102 XVIII.
621 3027 701 3102 Dies
718 3027 801 3131 mihi
824 3028 917 3123 prius
936 3051 1036 3121 quam
1059 3049 1163 3102 senno
1182 3027 1324 3116 deficiet,

315 3161 344 3235 ei
369 3163 501 3236 uoluere
526 3165 644 3236 cuncta
668 3183 869 3255 percurrere,
897 3182 973 3254 quae
998 3162 1105 3235 Paula
1129 3159 1328 3236 uenerabilis

315 3293 380 3368 fide
399 3293 585 3370 Incredibili
598 3297 778 3389 pervagata
796 3297 857 3369 est.
894 3277 1054 3370 Transibo
1067 3295 1110 3367 ad
1123 3294 1325 3388 Acppptcaa

315 3430 350 3502 et
373 3427 409 3501 in
427 3407 569 3502 Socbott
591 3432 693 3521 atque
719 3429 808 3521 apud
830 3431 958 3520 foetam
976 3429 1137 3518 abaco,
1161 3449 1259 3520 quem
1284 3428 1325 3502 de
1479 3505 1480 3518 ,

315 3561 432 3635 molari
454 3561 604 3636 maxillae
626 3561 724 3636 dente
749 3561 921 3658 produxit,
947 3560 1127 3636 subsistam
1151 3583 1326 3656 parumper

314 3698 350 3769 et
377 3695 506 3770 mentia
532 3717 588 3770 ora
614 3696 771 3786 colluam,
801 3697 840 3768 ut
866 3694 1069 3770 refocillatus
1095 3694 1225 3769 videam
1247 3696 1326 3770 Mo
1479 3795 1480 3808 ,
