2986 4700
311 416 351 476 m

309 611 439 702 fontem
457 607 621 700 quondam
639 606 726 702 legis
742 605 983 681 amarissimum
996 609 1030 682 et
1044 607 1204 699 sterilem,
1223 629 1323 701 quom

310 764 386 818 vero
402 742 585 816 'Helisaeus
612 763 672 814 sua
697 740 840 816 condivit
859 739 1024 835 sapientia
1050 744 1085 815 ot
1102 741 1139 813 in
1157 742 1322 816 duioorom

310 877 564 967 ubertatemque
582 873 755 948 convertit.
795 873 861 948 Vix
879 896 946 950 nox
965 875 1165 966 transierat,
1191 877 1320 950 fernen·

311 1010 441 1086 tissimo
461 1009 544 1081 astu
563 1007 655 1082 vonit
673 1007 716 1080 ad
732 1008 931 1097 Judaeum
949 1009 1048 1082 stetit
1065 1008 1102 1081 in
1118 1008 1193 1102 ripa
1210 1009 1321 1082 fiumi-

311 1144 364 1218 nis
384 1146 430 1232 et,
450 1143 520 1215 orto
537 1141 616 1232 sole,
637 1142 717 1214 solis
732 1140 873 1232 iustitiae
891 1141 1062 1215 rooordata
1080 1145 1144 1234 est,
1164 1143 1322 1236 quomodo

310 1278 347 1351 in
371 1275 478 1350 medio
502 1273 608 1348 amnis
632 1275 726 1348 alueo
752 1273 839 1348 siooa
864 1273 1050 1350 saeordotes
1075 1275 1246 1368 posuerint
1263 1298 1321 1350 ve·

312 1410 415 1506 stigia
434 1413 467 1484 ot
486 1409 529 1482 ad
546 1406 655 1482 Helia
673 1410 708 1481 et
725 1407 864 1482 Helisaei
881 1407 1068 1502 imperium,
1091 1408 1260 1482 stantibus
1279 1431 1323 1484 ox

311 1546 452 1636 utraque
470 1546 566 1636 parte
585 1541 700 1634 aquis,
723 1540 789 1615 iter
805 1541 894 1614 unda
911 1542 1090 1635 prebuerit
1108 1543 1323 1636 pollutasque

311 1678 435 1752 diluvio
461 1697 566 1768 aquas
592 1677 627 1748 et
651 1674 754 1748 totius
771 1667 915 1748 'humani
941 1675 1072 1768 generis
1092 1675 1325 1750 interfeotiono

311 1811 497 1886 maoulatas
516 1830 574 1882 suo
592 1807 751 1882 Dominus
769 1807 978 1882 mundaverit
996 1808 1172 1902 baptismo.

384 1943 419 2018 G.
440 1943 517 2016 XV.
555 1943 707 2036 Longum
725 1944 789 2032 est,
810 1940 839 2014 si
857 1940 957 2014 velim
975 1941 1015 2015 do
1033 1943 1119 2016 ooibe
1136 1942 1252 2016 Arbor
1269 1941 1323 2016 di-

312 2100 395 2168 oore,
415 2075 450 2149 id
468 2079 520 2150 est
538 2076 703 2149 tumultus
722 2077 823 2167 atque
842 2076 1034 2165 turbarum,
1057 2075 1092 2147 in
1110 2095 1177 2168 qua
1194 2075 1324 2149 furtum

311 2214 346 2286 ot
364 2209 506 2284 ouantia
524 2210 741 2283 condemnata
760 2210 831 2298 ast,
858 2211 892 2282 et
917 2208 958 2281 de
976 2209 1107 2299 Botbei,
1134 2208 1228 2282 domo
1245 2208 1321 2301 Dei,

310 2343 430 2436 inqua
449 2365 549 2436 super
567 2344 690 2416 nudam
703 2343 840 2415 humum
853 2343 961 2415 nudus
981 2344 1016 2416 et
1029 2363 1156 2436 pauper
1169 2341 1323 2417 dormivit

311 2478 414 2552 Jaoob
434 2477 479 2566 et,
499 2475 606 2568 posito
625 2477 740 2550 subter
758 2477 859 2568 eaput
876 2475 1006 2569 lapide,
1031 2475 1088 2568 qui
1105 2476 1142 2549 in
1159 2476 1323 2550 Zaoharia

312 2612 439 2704 septem
456 2610 569 2682 oeulos
587 2610 710 2682 habero
729 2607 927 2681 desoribitur
945 2609 1032 2682 etin
1050 2609 1140 2683 Isaia
1164 2609 1252 2704 lapis
1270 2609 1321 2682 di·

311 2742 397 2817 oitur
416 2741 599 2836 angularis,
619 2741 703 2816 uidit
721 2743 846 2815 soalam
864 2763 969 2834 usque
987 2744 1031 2816 ad
1049 2745 1169 2816 ooelum
1183 2743 1321 2817 tenden-

310 2879 398 2966 tem,
425 2874 460 2947 in
480 2897 546 2966 qua
564 2873 725 2948 Dominus
751 2875 891 2969 desuper
915 2875 1122 2950 innitebatur
1141 2875 1321 2951 aseenden-

310 3010 401 3084 tibus
433 3007 606 3102 pomigeus
638 3011 839 3082 manumet
870 3008 1082 3104 negligentes
1114 3009 1154 3082 de
1186 3009 1323 3085 sublimi

310 3141 533 3237 praeoipitans.
566 3140 725 3235 Sepuloro
740 3164 869 3236 (puroque
882 3141 918 3215 in
931 3144 1041 3217 monte
1052 3144 1213 3237 Ephraim
1226 3146 1321 3235 Jesu,

310 3275 373 3350 filii
391 3277 497 3366 Naue,
517 3278 551 3348 ot
570 3275 733 3367 Eleazari,
753 3275 816 3348 iiiii
830 3275 921 3350 Aron
940 3277 1132 3369 sacerdotis,
1152 3299 1171 3350 e
1188 3277 1322 3372 regione

310 3411 467 3483 venerata
486 3409 548 3500 est,
569 3430 705 3501 quorum
723 3410 811 3482 altor
824 3409 976 3484 conditus
994 3413 1047 3484 est
1059 3410 1096 3484 in
1114 3411 1322 3486 Tiwooaotb-

309 3561 386 3616 soro
417 3563 437 3614 a
470 3542 721 3636 septentrionali
752 3546 849 3636 parte
876 3543 998 3618 montis
1026 3543 1134 3636 Gaas,
1169 3545 1256 3618 aiter
1285 3543 1322 3618 in

312 3673 431 3749 (iabou
457 3675 520 3749 filii
545 3675 596 3749 sui
620 3675 780 3766 Phineos,
811 3675 961 3770 satisque
988 3676 1109 3750 mirata
1137 3681 1206 3768 est,
1235 3679 1322 3770 quod
