2986 4700
640 1225 692 1311 lv.

297 1370 472 1454 ‘Theodori
491 1369 583 1452 iiior
602 1371 644 1453 ie
664 1369 737 1453 situ
756 1369 872 1452 ieme
891 1365 1042 1452 Senote.

240 1561 273 1635 1.
313 1559 382 1636 Ubi
402 1563 454 1634 θεῖ
471 1559 694 1652 Hierusalem,
713 1557 882 1653 proviuoiu
895 1556 1075 1632 Pelusiius
1092 1557 1173 1631 dioi-

164 1697 236 1768 tur:
266 1696 356 1767 terre
375 1694 519 1768 Censen.
558 1695 638 1788 Ipse
656 1692 774 1767 oiviius
792 1693 908 1766 sonnio
931 1689 969 1764 in
985 1692 1096 1766 menie
1114 1711 1173 1765 ox·

164 1828 250 1902 eelso
268 1829 322 1902 θεῖ
339 1827 457 1920 positu
492 1825 704 1904 Hierusalem
717 1827 821 1900 hebet
838 1826 951 1918 portus
964 1826 1102 1918 majores
1116 1846 1175 1899 sen

165 1963 262 2034 exire
281 1959 429 2053 postitio.
467 1961 569 2032 Portu
587 1958 764 2052 Beniamin
782 1957 853 2032 exit
872 1957 915 2030 ud
933 1957 1120 2033 Jordunem.

239 2095 274 2166 2.
313 2095 355 2164 Iu
373 2091 479 2166 medio
496 2091 643 2166 eiviteiis
669 2094 721 2164 θεῖ
738 2090 888 2165 basilios.
926 2089 1071 2182 Aperte
1092 2090 1175 2165 osei-

167 2224 276 2298 deniis
294 2223 401 2298 intres
419 2225 455 2298 in
474 2227 623 2319 sensium
647 2223 935 2313 resmreoiionem‚
964 2222 1022 2296 ubi
1046 2225 1099 2297 est
1124 2211 1175 2297 se·
1302 2294 1304 2298 ,
1333 2285 1334 2288 ,

167 2359 318 2452 puleium
332 2356 464 2431 Domini
481 2356 588 2432 nostri
609 2358 691 2430 iesu
709 2355 843 2452 Christi.
883 2356 928 2429 ut
947 2358 999 2430 θεῖ
1018 2355 1067 2429 ibi
1085 2377 1178 2430 mons

168 2491 337 2581 Guluuriae,
358 2492 401 2564 ed
419 2513 518 2582 quem
536 2491 680 2564 montem
698 2511 758 2583 per
776 2488 900 2584 gradus
920 2488 1091 2564 collisum.
1125 2487 1179 2563 Ibi

166 2624 327 2698 Dominus
346 2623 522 2698 omoifixus
541 2625 607 2718 est,
626 2624 660 2696 θῖ
672 2621 726 2696 ibi
744 2624 796 2696 θεῖ
814 2624 923 2698 ultore
943 2623 1087 2718 grande:
1117 2625 1178 2697 sub

166 2781 231 2832 uuo
265 2759 353 2832 ῖθθῖο
384 2739 467 2832 θεῖ
506 2759 556 2832 De
583 2759 731 2852 sepuloro
756 2755 890 2832 Domini
915 2778 1020 2849 usque
1045 2755 1080 2829 in
1102 2755 1177 2830 Dol-

167 2891 266 2996 uoriae
284 2892 392 2965 losum
410 2894 489 2966 suut
507 2913 629 2986 pessus
647 2913 782 2965 numero
800 2892 876 2966 XV.
914 2892 957 2964 Iu
974 2892 1084 2964 moute
1104 2889 1178 2964 Dul-

168 3023 268 3098 varis
286 3023 458 3098 Abrohom
482 3023 605 3098 obtulit
630 3024 739 3098 filium
764 3045 861 3097 suum
885 3023 922 3096 in
938 3025 1177 3112 holocaustum,

168 3160 203 3231 θῖ
222 3157 300 3250 quie
317 3179 410 3231 mous
429 3159 570 3250 petrosus
589 3161 660 3246 esi,
689 3155 815 3250 inipso
834 3159 964 3246 monte,
986 3157 1048 3230 hoo
1066 3157 1119 3229 θεῖ
1136 3156 1179 3229 ed

168 3291 287 3384 pedem
310 3290 432 3364 montis
456 3290 582 3384 ipsius,
608 3289 689 3391 feeit
711 3289 884 3364 Abrohom
908 3290 1026 3364 ultore.
1072 3287 1179 3383 Super

85 3465 88 3470 ·
169 3425 277 3498 altere
295 3424 419 3498 eminet
436 3445 540 3498 mons.
980 3435 981 3438 ‘

242 3557 277 3632 3.
311 3533 357 3630 Εῖ
374 3554 563 3630 ineirouiiu
581 3555 702 3630 moniis
720 3558 800 3630 sunt
817 3554 956 3630 ennoelli
974 3555 1014 3628 de
1029 3555 1176 3650 eugenio.

161 3665 215 3764 *Di
232 3689 280 3764 ibi
298 3693 350 3764 θεῖ
368 3711 460 3779 esee,
486 3688 544 3762 ubi
562 3689 628 3763 soii
645 3689 880 3780 resuscitatus,
907 3711 966 3783 per
991 3710 1089 3781 quem
1113 3686 1180 3760 fuit
