2986 4700
629 1245 686 1328 111.

130 1328 132 1333 .
190 1385 222 1471 b.
241 1385 407 1470 buebuil
427 1387 579 1490 epituuue
599 1390 642 1472 be
663 1387 846 1490 aliquibus
865 1387 957 1472 leals
977 1388 1127 1472 sanetis.

224 1577 443 1651 Hierusalem
470 1579 512 1651 ab
538 1576 634 1652 Aelio
660 1577 832 1652 Hadriane
859 1577 963 1652 Aetia
988 1577 1161 1653 renitatur.

153 1713 259 1802 Nam,
279 1714 353 1806 pest
371 1711 614 1786 subversionem
635 1710 721 1803 uiti,
747 1710 922 1786 eonditeris
939 1710 1029 1786 Aelii
1047 1732 1164 1785 nornen

153 1868 228 1919 eum
241 1866 338 1939 apere
351 1845 510 1938 suscepit.
544 1845 676 1919 Natura
688 1845 754 1918 leui
767 1844 868 1936 edita,
888 1847 998 1938 ajunt,
1015 1844 1165 1937 qualibet

153 2001 195 2052 ex
208 1981 305 2073 parte
318 1977 409 2051 haud
422 1977 520 2052 dubie
539 1978 780 2052 ascendendum
790 1977 868 2067 erit;
884 1977 1011 2052 diutino
1030 1976 1164 2071 quippe,

154 2111 213 2184 sed
231 2110 325 2183 melli
343 2112 454 2184 traetu
479 2110 637 2205 assurgit.
685 2109 780 2186 Situs
807 2111 880 2205 ipse
905 2109 996 2184 urbis
1020 2132 1104 2204 pene
1129 2110 1166 2184 in

153 2244 266 2316 orbern
284 2241 521 2332 annumeratus,
547 2264 612 2316 nen
630 2264 731 2338 parve
750 2265 917 2317 murorum
936 2242 1081 2331 ambitu,
1103 2263 1166 2334 que

153 2374 257 2449 etiam
275 2377 420 2448 mentem
438 2373 534 2466 Sion,
563 2376 727 2469 quendam
746 2375 909 2467 sisinum,
934 2378 1004 2470 jam
1023 2376 1112 2450 intra
1130 2399 1166 2451 se

152 2507 284 2601 resipit,
301 2507 369 2601 qui,
390 2507 560 2583 ameridie
573 2508 713 2603 pesitus,
733 2531 792 2603 pre
807 2531 882 2583 aree
895 2509 969 2584 urbi
984 2508 1165 2603 superemi-
1211 2501 1212 2505 ‘

152 2643 222 2715 net.
270 2642 376 2735 Major
400 2641 546 2716 ciuitatis
566 2664 644 2736 pare
663 2642 752 2718 infra
769 2645 913 2718 mentem
928 2643 1019 2736 jneet
1036 2642 1071 2715 in
1089 2643 1165 2735 pla·

153 2774 235 2848 uitia
254 2775 442 2849 humilieris
461 2777 556 2850 eellis
575 2776 692 2870 posita.

225 2909 330 2982 Meas
348 2909 434 2982 Stoa
458 2911 564 2983 latere
583 2932 667 3000 une,
697 2911 782 3003 qued
808 2909 997 3004 aquilonem
1017 2909 1165 3004 respieit,

154 3042 347 3115 elerieerum
382 3040 675 3136 religiosorumque
711 3042 974 3118 habitationibus
1011 3043 1165 3135 frequen.-

154 3177 263 3248 tatur:
292 3176 385 3268 enjus
404 3175 439 3247 in
457 3175 579 3249 uentiee
597 3175 770 3268 planitiem
788 3176 1018 3248 menaehurunr
1037 3175 1166 3248 eellulae

156 3306 310 3382 obtinent
328 3307 501 3381 ecelesiam
519 3307 777 3398 eireumdantes,
798 3330 870 3402 que
887 3307 970 3399 ibiie,
989 3311 1029 3380 ut
1045 3307 1164 3398 fertur,
1264 3409 1267 3415 Ι

155 3443 197 3514 ab
216 3440 376 3534 apostulis
395 3440 535 3514 fundata
560 3462 618 3535 pre
643 3441 706 3515 leei
726 3440 973 3518 resurreetienis
999 3439 1166 3515 dominice

154 3573 355 3647 reuerentia:
376 3575 416 3648 eb
431 3573 517 3666 qued
531 3573 728 3667 premissum
744 3575 907 3669 quendam
920 3597 980 3669 per
988 3573 1165 3649 Dominum

155 3707 322 3799 paraclete
340 3706 459 3801 repleti
477 3710 557 3781 suut
575 3706 674 3802 spirit
699 3765 707 3782 .
